@article{DBLP:journals/csur/Casadei23,
  author       = {Roberto Casadei},
  title        = {Macroprogramming: Concepts, State of the Art, and Opportunities of
                  Macroscopic Behaviour Modelling},
  journal      = {{ACM} Comput. Surv.},
  volume       = {55},
  number       = {13s},
  pages        = {275:1--275:37},
  year         = {2023},
  _url          = {https://doi.org/10.1145/3579353},
  doi          = {10.1145/3579353},
  timestamp    = {Wed, 24 Jan 2024 17:49:04 +0100},
  biburl       = {https://dblp.org/rec/journals/csur/Casadei23.bib},
  bibsource    = {dblp computer science bibliography, https://dblp.org}
}