@inproceedings{DBLP:conf/ifaamas/000225a,
  author       = {Jannik Peters},
  editor       = {Sanmay Das and
                  Ann Now{\'{e}} and
                  Yevgeniy Vorobeychik},
  title        = {Humanlike Emergent Language in Multi-Agent Systems},
  booktitle    = {Proceedings of the 24th International Conference on Autonomous Agents
                  and Multiagent Systems, {AAMAS} 2025, Detroit, MI, USA, May 19-23,
                  2025},
  pages        = {2971--2973},
  publisher    = {International Foundation for Autonomous Agents and Multiagent Systems
                  / {ACM}},
  year         = {2025},
  url          = {https://dl.acm.org/doi/10.5555/3709347.3744062},
  doi          = {10.5555/3709347.3744062},
  timestamp    = {Tue, 29 Jul 2025 14:24:35 +0200},
  biburl       = {https://dblp.org/rec/conf/ifaamas/000225a.bib},
  bibsource    = {dblp computer science bibliography, https://dblp.org}
}

@inproceedings{DBLP:conf/ifaamas/KumarJ25,
  author       = {Vikas Kumar and
                  Ajin George Joseph},
  editor       = {Sanmay Das and
                  Ann Now{\'{e}} and
                  Yevgeniy Vorobeychik},
  title        = {Emergence of Recursive Language through Bootstrapping and Iterated
                  Learning},
  booktitle    = {Proceedings of the 24th International Conference on Autonomous Agents
                  and Multiagent Systems, {AAMAS} 2025, Detroit, MI, USA, May 19-23,
                  2025},
  pages        = {1235--1243},
  publisher    = {International Foundation for Autonomous Agents and Multiagent Systems
                  / {ACM}},
  year         = {2025},
  url          = {https://dl.acm.org/doi/10.5555/3709347.3743755},
  doi          = {10.5555/3709347.3743755},
  timestamp    = {Tue, 29 Jul 2025 01:00:00 +0200},
  biburl       = {https://dblp.org/rec/conf/ifaamas/KumarJ25.bib},
  bibsource    = {dblp computer science bibliography, https://dblp.org}
}

@inproceedings{DBLP:conf/ifaamas/LeungTN25,
  author       = {Chin{-}wing Leung and
                  Paolo Turrini and
                  Ann Now{\'{e}}},
  editor       = {Sanmay Das and
                  Ann Now{\'{e}} and
                  Yevgeniy Vorobeychik},
  title        = {Curiosity-Driven Partner Selection Accelerates Convention Emergence
                  in Language Games},
  booktitle    = {Proceedings of the 24th International Conference on Autonomous Agents
                  and Multiagent Systems, {AAMAS} 2025, Detroit, MI, USA, May 19-23,
                  2025},
  pages        = {1282--1290},
  publisher    = {International Foundation for Autonomous Agents and Multiagent Systems
                  / {ACM}},
  year         = {2025},
  url          = {https://dl.acm.org/doi/10.5555/3709347.3743760},
  doi          = {10.5555/3709347.3743760},
  timestamp    = {Tue, 29 Jul 2025 01:00:00 +0200},
  biburl       = {https://dblp.org/rec/conf/ifaamas/LeungTN25.bib},
  bibsource    = {dblp computer science bibliography, https://dblp.org}
}

@inproceedings{DBLP:conf/ifaamas/MattsonRVNDB25,
  author       = {Connor Mattson and
                  Varun Raveendra and
                  Ricardo Vega and
                  Cameron Nowzari and
                  Daniel S. Drew and
                  Daniel S. Brown},
  editor       = {Sanmay Das and
                  Ann Now{\'{e}} and
                  Yevgeniy Vorobeychik},
  title        = {Discovery and Deployment of Emergent Robot Swarm Behaviors via Representation
                  Learning and Real2Sim2Real Transfer},
  booktitle    = {Proceedings of the 24th International Conference on Autonomous Agents
                  and Multiagent Systems, {AAMAS} 2025, Detroit, MI, USA, May 19-23,
                  2025},
  pages        = {1473--1482},
  publisher    = {International Foundation for Autonomous Agents and Multiagent Systems
                  / {ACM}},
  year         = {2025},
  url          = {https://dl.acm.org/doi/10.5555/3709347.3743781},
  doi          = {10.5555/3709347.3743781},
  timestamp    = {Tue, 29 Jul 2025 01:00:00 +0200},
  biburl       = {https://dblp.org/rec/conf/ifaamas/MattsonRVNDB25.bib},
  bibsource    = {dblp computer science bibliography, https://dblp.org}
}

@inproceedings{DBLP:conf/ifaamas/VitalSM25,
  author       = {F{\'{a}}bio Vital and
                  Alberto Sardinha and
                  Francisco S. Melo},
  editor       = {Sanmay Das and
                  Ann Now{\'{e}} and
                  Yevgeniy Vorobeychik},
  title        = {Implicit Repair with Reinforcement Learning in Emergent Communication},
  booktitle    = {Proceedings of the 24th International Conference on Autonomous Agents
                  and Multiagent Systems, {AAMAS} 2025, Detroit, MI, USA, May 19-23,
                  2025},
  pages        = {2115--2124},
  publisher    = {International Foundation for Autonomous Agents and Multiagent Systems
                  / {ACM}},
  year         = {2025},
  url          = {https://dl.acm.org/doi/10.5555/3709347.3743850},
  doi          = {10.5555/3709347.3743850},
  timestamp    = {Tue, 29 Jul 2025 01:00:00 +0200},
  biburl       = {https://dblp.org/rec/conf/ifaamas/VitalSM25.bib},
  bibsource    = {dblp computer science bibliography, https://dblp.org}
}

@inproceedings{DBLP:conf/atal/AlbersIB24,
  author       = {Evan Albers and
                  Mohammad T. Irfan and
                  Matthew J. Bosch},
  editor       = {Mehdi Dastani and
                  Jaime Sim{\~{a}}o Sichman and
                  Natasha Alechina and
                  Virginia Dignum},
  title        = {Beliefs, Shocks, and the Emergence of Roles in Asset Markets: An Agent-Based
                  Modeling Approach},
  booktitle    = {Proceedings of the 23rd International Conference on Autonomous Agents
                  and Multiagent Systems, {AAMAS} 2024, Auckland, New Zealand, May 6-10,
                  2024},
  pages        = {40--48},
  publisher    = {International Foundation for Autonomous Agents and Multiagent Systems
                  / {ACM}},
  year         = {2024},
  url          = {https://dl.acm.org/doi/10.5555/3635637.3662850},
  doi          = {10.5555/3635637.3662850},
  timestamp    = {Wed, 26 Jun 2024 14:06:50 +0200},
  biburl       = {https://dblp.org/rec/conf/atal/AlbersIB24.bib},
  bibsource    = {dblp computer science bibliography, https://dblp.org}
}

@inproceedings{DBLP:conf/atal/Ekila24,
  author       = {J{\'{e}}r{\^{o}}me Botoko Ekila},
  editor       = {Mehdi Dastani and
                  Jaime Sim{\~{a}}o Sichman and
                  Natasha Alechina and
                  Virginia Dignum},
  title        = {Emergence of Linguistic Conventions In Multi-Agent Systems Through
                  Situated Communicative Interactions},
  booktitle    = {Proceedings of the 23rd International Conference on Autonomous Agents
                  and Multiagent Systems, {AAMAS} 2024, Auckland, New Zealand, May 6-10,
                  2024},
  pages        = {2725--2727},
  publisher    = {International Foundation for Autonomous Agents and Multiagent Systems
                  / {ACM}},
  year         = {2024},
  url          = {https://dl.acm.org/doi/10.5555/3635637.3663267},
  doi          = {10.5555/3635637.3663267},
  timestamp    = {Fri, 03 May 2024 01:00:00 +0200},
  biburl       = {https://dblp.org/rec/conf/atal/Ekila24.bib},
  bibsource    = {dblp computer science bibliography, https://dblp.org}
}

@inproceedings{DBLP:conf/atal/EkilaNVBE24,
  author       = {J{\'{e}}r{\^{o}}me Botoko Ekila and
                  Jens Nevens and
                  Lara Verheyen and
                  Katrien Beuls and
                  Paul Van Eecke},
  editor       = {Mehdi Dastani and
                  Jaime Sim{\~{a}}o Sichman and
                  Natasha Alechina and
                  Virginia Dignum},
  title        = {Decentralised Emergence of Robust and Adaptive Linguistic Conventions
                  in Populations of Autonomous Agents Grounded in Continuous Worlds},
  booktitle    = {Proceedings of the 23rd International Conference on Autonomous Agents
                  and Multiagent Systems, {AAMAS} 2024, Auckland, New Zealand, May 6-10,
                  2024},
  pages        = {2168--2170},
  publisher    = {International Foundation for Autonomous Agents and Multiagent Systems
                  / {ACM}},
  year         = {2024},
  url          = {https://dl.acm.org/doi/10.5555/3635637.3663096},
  doi          = {10.5555/3635637.3663096},
  timestamp    = {Fri, 03 May 2024 01:00:00 +0200},
  biburl       = {https://dblp.org/rec/conf/atal/EkilaNVBE24.bib},
  bibsource    = {dblp computer science bibliography, https://dblp.org}
}

@inproceedings{DBLP:conf/atal/KikutaITTNN24,
  author       = {Daisuke Kikuta and
                  Hiroki Ikeuchi and
                  Kengo Tajiri and
                  Yuta Toyama and
                  Masaki Nakamura and
                  Yuusuke Nakano},
  editor       = {Mehdi Dastani and
                  Jaime Sim{\~{a}}o Sichman and
                  Natasha Alechina and
                  Virginia Dignum},
  title        = {Electric Vehicle Routing for Emergency Power Supply with Deep Reinforcement
                  Learning},
  booktitle    = {Proceedings of the 23rd International Conference on Autonomous Agents
                  and Multiagent Systems, {AAMAS} 2024, Auckland, New Zealand, May 6-10,
                  2024},
  pages        = {2336--2338},
  publisher    = {International Foundation for Autonomous Agents and Multiagent Systems
                  / {ACM}},
  year         = {2024},
  url          = {https://dl.acm.org/doi/10.5555/3635637.3663152},
  doi          = {10.5555/3635637.3663152},
  timestamp    = {Fri, 03 May 2024 01:00:00 +0200},
  biburl       = {https://dblp.org/rec/conf/atal/KikutaITTNN24.bib},
  bibsource    = {dblp computer science bibliography, https://dblp.org}
}

@inproceedings{DBLP:conf/atal/OrzanAGR24,
  author       = {Nicole Orzan and
                  Erman Acar and
                  Davide Grossi and
                  Roxana Radulescu},
  editor       = {Mehdi Dastani and
                  Jaime Sim{\~{a}}o Sichman and
                  Natasha Alechina and
                  Virginia Dignum},
  title        = {Emergent Cooperation under Uncertain Incentive Alignment},
  booktitle    = {Proceedings of the 23rd International Conference on Autonomous Agents
                  and Multiagent Systems, {AAMAS} 2024, Auckland, New Zealand, May 6-10,
                  2024},
  pages        = {1521--1530},
  publisher    = {International Foundation for Autonomous Agents and Multiagent Systems
                  / {ACM}},
  year         = {2024},
  url          = {https://dl.acm.org/doi/10.5555/3635637.3663012},
  doi          = {10.5555/3635637.3663012},
  timestamp    = {Fri, 03 May 2024 01:00:00 +0200},
  biburl       = {https://dblp.org/rec/conf/atal/OrzanAGR24.bib},
  bibsource    = {dblp computer science bibliography, https://dblp.org}
}

@inproceedings{DBLP:conf/atal/RachumNTAM24,
  author       = {Ram Rachum and
                  Yonatan Nakar and
                  Bill Tomlinson and
                  Nitay Alon and
                  Reuth Mirsky},
  editor       = {Mehdi Dastani and
                  Jaime Sim{\~{a}}o Sichman and
                  Natasha Alechina and
                  Virginia Dignum},
  title        = {Emergent Dominance Hierarchies in Reinforcement Learning Agents},
  booktitle    = {Proceedings of the 23rd International Conference on Autonomous Agents
                  and Multiagent Systems, {AAMAS} 2024, Auckland, New Zealand, May 6-10,
                  2024},
  pages        = {2426--2428},
  publisher    = {International Foundation for Autonomous Agents and Multiagent Systems
                  / {ACM}},
  year         = {2024},
  url          = {https://dl.acm.org/doi/10.5555/3635637.3663182},
  doi          = {10.5555/3635637.3663182},
  timestamp    = {Fri, 03 May 2024 01:00:00 +0200},
  biburl       = {https://dblp.org/rec/conf/atal/RachumNTAM24.bib},
  bibsource    = {dblp computer science bibliography, https://dblp.org}
}

@inproceedings{DBLP:conf/atal/TzengAS24,
  author       = {Sz{-}Ting Tzeng and
                  Nirav Ajmeri and
                  Munindar P. Singh},
  editor       = {Mehdi Dastani and
                  Jaime Sim{\~{a}}o Sichman and
                  Natasha Alechina and
                  Virginia Dignum},
  title        = {Norm Enforcement with a Soft Touch: Faster Emergence, Happier Agents},
  booktitle    = {Proceedings of the 23rd International Conference on Autonomous Agents
                  and Multiagent Systems, {AAMAS} 2024, Auckland, New Zealand, May 6-10,
                  2024},
  pages        = {1837--1846},
  publisher    = {International Foundation for Autonomous Agents and Multiagent Systems
                  / {ACM}},
  year         = {2024},
  url          = {https://dl.acm.org/doi/10.5555/3635637.3663046},
  doi          = {10.5555/3635637.3663046},
  timestamp    = {Fri, 03 May 2024 01:00:00 +0200},
  biburl       = {https://dblp.org/rec/conf/atal/TzengAS24.bib},
  bibsource    = {dblp computer science bibliography, https://dblp.org}
}

@inproceedings{DBLP:conf/atal/AbeywickramaGXM23,
  author       = {Dhaminda B. Abeywickrama and
                  Nathan Griffiths and
                  Zhou Xu and
                  Alex Mouzakitis},
  editor       = {Noa Agmon and
                  Bo An and
                  Alessandro Ricci and
                  William Yeoh},
  title        = {Emergence of Norms in Interactions with Complex Rewards},
  booktitle    = {Proceedings of the 2023 International Conference on Autonomous Agents
                  and Multiagent Systems, {AAMAS} 2023, London, United Kingdom, 29 May
                  2023 - 2 June 2023},
  pages        = {2280--2282},
  publisher    = {{ACM}},
  year         = {2023},
  url          = {https://dl.acm.org/doi/10.5555/3545946.3598906},
  doi          = {10.5555/3545946.3598906},
  timestamp    = {Tue, 23 May 2023 14:27:14 +0200},
  biburl       = {https://dblp.org/rec/conf/atal/AbeywickramaGXM23.bib},
  bibsource    = {dblp computer science bibliography, https://dblp.org}
}

@inproceedings{DBLP:conf/atal/Bara23,
  author       = {Jacques Bara},
  editor       = {Noa Agmon and
                  Bo An and
                  Alessandro Ricci and
                  William Yeoh},
  title        = {Emergence of Cooperation on Networks},
  booktitle    = {Proceedings of the 2023 International Conference on Autonomous Agents
                  and Multiagent Systems, {AAMAS} 2023, London, United Kingdom, 29 May
                  2023 - 2 June 2023},
  pages        = {2934--2936},
  publisher    = {{ACM}},
  year         = {2023},
  url          = {https://dl.acm.org/doi/10.5555/3545946.3599129},
  doi          = {10.5555/3545946.3599129},
  timestamp    = {Tue, 23 May 2023 01:00:00 +0200},
  biburl       = {https://dblp.org/rec/conf/atal/Bara23.bib},
  bibsource    = {dblp computer science bibliography, https://dblp.org}
}

@inproceedings{DBLP:conf/atal/Deshmukh23,
  author       = {Jayati Deshmukh},
  editor       = {Noa Agmon and
                  Bo An and
                  Alessandro Ricci and
                  William Yeoh},
  title        = {Emergent Responsible Autonomy in Multi-Agent Systems},
  booktitle    = {Proceedings of the 2023 International Conference on Autonomous Agents
                  and Multiagent Systems, {AAMAS} 2023, London, United Kingdom, 29 May
                  2023 - 2 June 2023},
  pages        = {3029--3031},
  publisher    = {{ACM}},
  year         = {2023},
  url          = {https://dl.acm.org/doi/10.5555/3545946.3599161},
  doi          = {10.5555/3545946.3599161},
  timestamp    = {Tue, 23 May 2023 01:00:00 +0200},
  biburl       = {https://dblp.org/rec/conf/atal/Deshmukh23.bib},
  bibsource    = {dblp computer science bibliography, https://dblp.org}
}

@inproceedings{DBLP:conf/atal/KartenKS23,
  author       = {Seth Karten and
                  Siva Kailas and
                  Katia P. Sycara},
  editor       = {Noa Agmon and
                  Bo An and
                  Alessandro Ricci and
                  William Yeoh},
  title        = {Emergent Compositional Concept Communication through Mutual Information
                  in Multi-Agent Teams},
  booktitle    = {Proceedings of the 2023 International Conference on Autonomous Agents
                  and Multiagent Systems, {AAMAS} 2023, London, United Kingdom, 29 May
                  2023 - 2 June 2023},
  pages        = {2391--2393},
  publisher    = {{ACM}},
  year         = {2023},
  url          = {https://dl.acm.org/doi/10.5555/3545946.3598944},
  doi          = {10.5555/3545946.3598944},
  timestamp    = {Tue, 23 May 2023 01:00:00 +0200},
  biburl       = {https://dblp.org/rec/conf/atal/KartenKS23.bib},
  bibsource    = {dblp computer science bibliography, https://dblp.org}
}

@inproceedings{DBLP:conf/atal/PiazzaB23,
  author       = {Nancirose Piazza and
                  Vahid Behzadan},
  editor       = {Noa Agmon and
                  Bo An and
                  Alessandro Ricci and
                  William Yeoh},
  title        = {A Theory of Mind Approach as Test-Time Mitigation Against Emergent
                  Adversarial Communication},
  booktitle    = {Proceedings of the 2023 International Conference on Autonomous Agents
                  and Multiagent Systems, {AAMAS} 2023, London, United Kingdom, 29 May
                  2023 - 2 June 2023},
  pages        = {2842--2844},
  publisher    = {{ACM}},
  year         = {2023},
  url          = {https://dl.acm.org/doi/10.5555/3545946.3599097},
  doi          = {10.5555/3545946.3599097},
  timestamp    = {Tue, 23 May 2023 01:00:00 +0200},
  biburl       = {https://dblp.org/rec/conf/atal/PiazzaB23.bib},
  bibsource    = {dblp computer science bibliography, https://dblp.org}
}

@inproceedings{DBLP:conf/atal/GonzalezHNM22,
  author       = {Everardo Gonzalez and
                  Lucie Houel and
                  Radhika Nagpal and
                  Melinda J. D. Malley},
  editor       = {Piotr Faliszewski and
                  Viviana Mascardi and
                  Catherine Pelachaud and
                  Matthew E. Taylor},
  title        = {Influencing Emergent Self-Assembled Structures in Robotic Collectives
                  Through Traffic Control},
  booktitle    = {21st International Conference on Autonomous Agents and Multiagent
                  Systems, {AAMAS} 2022, Auckland, New Zealand, May 9-13, 2022},
  pages        = {1601--1603},
  publisher    = {International Foundation for Autonomous Agents and Multiagent Systems
                  {(IFAAMAS)}},
  year         = {2022},
  url          = {https://www.ifaamas.org/Proceedings/aamas2022/pdfs/p1601.pdf},
  doi          = {10.5555/3535850.3536048},
  timestamp    = {Mon, 18 Jul 2022 17:13:00 +0200},
  biburl       = {https://dblp.org/rec/conf/atal/GonzalezHNM22.bib},
  bibsource    = {dblp computer science bibliography, https://dblp.org}
}

@inproceedings{DBLP:conf/atal/GrupenLS22,
  author       = {Niko A. Grupen and
                  Daniel D. Lee and
                  Bart Selman},
  editor       = {Piotr Faliszewski and
                  Viviana Mascardi and
                  Catherine Pelachaud and
                  Matthew E. Taylor},
  title        = {Multi-Agent Curricula and Emergent Implicit Signaling},
  booktitle    = {21st International Conference on Autonomous Agents and Multiagent
                  Systems, {AAMAS} 2022, Auckland, New Zealand, May 9-13, 2022},
  pages        = {553--561},
  publisher    = {International Foundation for Autonomous Agents and Multiagent Systems
                  {(IFAAMAS)}},
  year         = {2022},
  url          = {https://www.ifaamas.org/Proceedings/aamas2022/pdfs/p553.pdf},
  doi          = {10.5555/3535850.3535913},
  timestamp    = {Mon, 18 Jul 2022 01:00:00 +0200},
  biburl       = {https://dblp.org/rec/conf/atal/GrupenLS22.bib},
  bibsource    = {dblp computer science bibliography, https://dblp.org}
}

@inproceedings{DBLP:conf/atal/PhanSARBL22,
  author       = {Thomy Phan and
                  Felix Sommer and
                  Philipp Altmann and
                  Fabian Ritz and
                  Lenz Belzner and
                  Claudia Linnhoff{-}Popien},
  editor       = {Piotr Faliszewski and
                  Viviana Mascardi and
                  Catherine Pelachaud and
                  Matthew E. Taylor},
  title        = {Emergent Cooperation from Mutual Acknowledgment Exchange},
  booktitle    = {21st International Conference on Autonomous Agents and Multiagent
                  Systems, {AAMAS} 2022, Auckland, New Zealand, May 9-13, 2022},
  pages        = {1047--1055},
  publisher    = {International Foundation for Autonomous Agents and Multiagent Systems
                  {(IFAAMAS)}},
  year         = {2022},
  url          = {https://www.ifaamas.org/Proceedings/aamas2022/pdfs/p1047.pdf},
  doi          = {10.5555/3535850.3535967},
  timestamp    = {Mon, 18 Jul 2022 01:00:00 +0200},
  biburl       = {https://dblp.org/rec/conf/atal/PhanSARBL22.bib},
  bibsource    = {dblp computer science bibliography, https://dblp.org}
}

@inproceedings{DBLP:conf/atal/ZhangCDH22,
  author       = {Xiaoyan Zhang and
                  Graham Coates and
                  Sarah Dunn and
                  Jean Hall},
  editor       = {Piotr Faliszewski and
                  Viviana Mascardi and
                  Catherine Pelachaud and
                  Matthew E. Taylor},
  title        = {An Agent-based Model for Emergency Evacuation from a Multi-floor Building},
  booktitle    = {21st International Conference on Autonomous Agents and Multiagent
                  Systems, {AAMAS} 2022, Auckland, New Zealand, May 9-13, 2022},
  pages        = {1777--1779},
  publisher    = {International Foundation for Autonomous Agents and Multiagent Systems
                  {(IFAAMAS)}},
  year         = {2022},
  url          = {https://www.ifaamas.org/Proceedings/aamas2022/pdfs/p1777.pdf},
  doi          = {10.5555/3535850.3536107},
  timestamp    = {Mon, 18 Jul 2022 01:00:00 +0200},
  biburl       = {https://dblp.org/rec/conf/atal/ZhangCDH22.bib},
  bibsource    = {dblp computer science bibliography, https://dblp.org}
}

@inproceedings{DBLP:conf/atal/Haeri21,
  author       = {Hossein Haeri},
  editor       = {Frank Dignum and
                  Alessio Lomuscio and
                  Ulle Endriss and
                  Ann Now{\'{e}}},
  title        = {Reward-Sharing Relational Networks in Multi-Agent Reinforcement Learning
                  as a Framework for Emergent Behavior},
  booktitle    = {{AAMAS} '21: 20th International Conference on Autonomous Agents and
                  Multiagent Systems, Virtual Event, United Kingdom, May 3-7, 2021},
  pages        = {1808--1810},
  publisher    = {{ACM}},
  year         = {2021},
  url          = {https://www.ifaamas.org/Proceedings/aamas2021/pdfs/p1808.pdf},
  doi          = {10.5555/3463952.3464246},
  timestamp    = {Wed, 20 Jul 2022 17:03:47 +0200},
  biburl       = {https://dblp.org/rec/conf/atal/Haeri21.bib},
  bibsource    = {dblp computer science bibliography, https://dblp.org}
}

@inproceedings{DBLP:conf/atal/LiWJSHZ21,
  author       = {Wenhao Li and
                  Xiangfeng Wang and
                  Bo Jin and
                  Junjie Sheng and
                  Yun Hua and
                  Hongyuan Zha},
  editor       = {Frank Dignum and
                  Alessio Lomuscio and
                  Ulle Endriss and
                  Ann Now{\'{e}}},
  title        = {Structured Diversification Emergence via Reinforced Organization Control
                  and Hierachical Consensus Learning},
  booktitle    = {{AAMAS} '21: 20th International Conference on Autonomous Agents and
                  Multiagent Systems, Virtual Event, United Kingdom, May 3-7, 2021},
  pages        = {773--781},
  publisher    = {{ACM}},
  year         = {2021},
  url          = {https://www.ifaamas.org/Proceedings/aamas2021/pdfs/p773.pdf},
  doi          = {10.5555/3463952.3464045},
  timestamp    = {Tue, 22 Jul 2025 01:00:00 +0200},
  biburl       = {https://dblp.org/rec/conf/atal/LiWJSHZ21.bib},
  bibsource    = {dblp computer science bibliography, https://dblp.org}
}

@inproceedings{DBLP:conf/atal/NoukhovitchLLC21,
  author       = {Michael Noukhovitch and
                  Travis LaCroix and
                  Angeliki Lazaridou and
                  Aaron C. Courville},
  editor       = {Frank Dignum and
                  Alessio Lomuscio and
                  Ulle Endriss and
                  Ann Now{\'{e}}},
  title        = {Emergent Communication under Competition},
  booktitle    = {{AAMAS} '21: 20th International Conference on Autonomous Agents and
                  Multiagent Systems, Virtual Event, United Kingdom, May 3-7, 2021},
  pages        = {974--982},
  publisher    = {{ACM}},
  year         = {2021},
  url          = {https://www.ifaamas.org/Proceedings/aamas2021/pdfs/p974.pdf},
  doi          = {10.5555/3463952.3464066},
  timestamp    = {Wed, 20 Jul 2022 01:00:00 +0200},
  biburl       = {https://dblp.org/rec/conf/atal/NoukhovitchLLC21.bib},
  bibsource    = {dblp computer science bibliography, https://dblp.org}
}

@inproceedings{DBLP:conf/atal/ChenLZS20,
  author       = {Yang Chen and
                  Jiamou Liu and
                  He Zhao and
                  Hongyi Su},
  editor       = {Amal El Fallah Seghrouchni and
                  Gita Sukthankar and
                  Bo An and
                  Neil Yorke{-}Smith},
  title        = {Social Structure Emergence: {A} Multi-agent Reinforcement Learning
                  Framework for Relationship Building},
  booktitle    = {Proceedings of the 19th International Conference on Autonomous Agents
                  and Multiagent Systems, {AAMAS} '20, Auckland, New Zealand, May 9-13,
                  2020},
  pages        = {1807--1809},
  publisher    = {International Foundation for Autonomous Agents and Multiagent Systems},
  year         = {2020},
  url          = {https://dl.acm.org/doi/10.5555/3398761.3398989},
  doi          = {10.5555/3398761.3398989},
  timestamp    = {Mon, 03 Mar 2025 00:00:00 +0100},
  biburl       = {https://dblp.org/rec/conf/atal/ChenLZS20.bib},
  bibsource    = {dblp computer science bibliography, https://dblp.org}
}

@inproceedings{DBLP:conf/atal/CimpeanuH20,
  author       = {Theodor Cimpeanu and
                  The Anh Han},
  editor       = {Amal El Fallah Seghrouchni and
                  Gita Sukthankar and
                  Bo An and
                  Neil Yorke{-}Smith},
  title        = {Fear of Punishment Promotes the Emergence of Cooperation and Enhanced
                  Social Welfare in Social Dilemmas},
  booktitle    = {Proceedings of the 19th International Conference on Autonomous Agents
                  and Multiagent Systems, {AAMAS} '20, Auckland, New Zealand, May 9-13,
                  2020},
  pages        = {1819--1821},
  publisher    = {International Foundation for Autonomous Agents and Multiagent Systems},
  year         = {2020},
  url          = {https://dl.acm.org/doi/10.5555/3398761.3398993},
  doi          = {10.5555/3398761.3398993},
  timestamp    = {Tue, 26 Jul 2022 01:00:00 +0200},
  biburl       = {https://dblp.org/rec/conf/atal/CimpeanuH20.bib},
  bibsource    = {dblp computer science bibliography, https://dblp.org}
}

@inproceedings{DBLP:conf/atal/GuptaD20,
  author       = {Shubham Gupta and
                  Ambedkar Dukkipati},
  editor       = {Amal El Fallah Seghrouchni and
                  Gita Sukthankar and
                  Bo An and
                  Neil Yorke{-}Smith},
  title        = {Winning an Election: On Emergent Strategic Communication in Multi-Agent
                  Networks},
  booktitle    = {Proceedings of the 19th International Conference on Autonomous Agents
                  and Multiagent Systems, {AAMAS} '20, Auckland, New Zealand, May 9-13,
                  2020},
  pages        = {1861--1863},
  publisher    = {International Foundation for Autonomous Agents and Multiagent Systems},
  year         = {2020},
  url          = {https://dl.acm.org/doi/10.5555/3398761.3399007},
  doi          = {10.5555/3398761.3399007},
  timestamp    = {Tue, 26 Jul 2022 01:00:00 +0200},
  biburl       = {https://dblp.org/rec/conf/atal/GuptaD20.bib},
  bibsource    = {dblp computer science bibliography, https://dblp.org}
}

@inproceedings{DBLP:conf/atal/GuptaHD20,
  author       = {Shubham Gupta and
                  Rishi Hazra and
                  Ambedkar Dukkipati},
  editor       = {Amal El Fallah Seghrouchni and
                  Gita Sukthankar and
                  Bo An and
                  Neil Yorke{-}Smith},
  title        = {Networked Multi-Agent Reinforcement Learning with Emergent Communication},
  booktitle    = {Proceedings of the 19th International Conference on Autonomous Agents
                  and Multiagent Systems, {AAMAS} '20, Auckland, New Zealand, May 9-13,
                  2020},
  pages        = {1858--1860},
  publisher    = {International Foundation for Autonomous Agents and Multiagent Systems},
  year         = {2020},
  url          = {https://dl.acm.org/doi/10.5555/3398761.3399006},
  doi          = {10.5555/3398761.3399006},
  timestamp    = {Tue, 26 Jul 2022 01:00:00 +0200},
  biburl       = {https://dblp.org/rec/conf/atal/GuptaHD20.bib},
  bibsource    = {dblp computer science bibliography, https://dblp.org}
}

@inproceedings{DBLP:conf/atal/HarwellLG20,
  author       = {John Harwell and
                  London Lowmanstone and
                  Maria L. Gini},
  editor       = {Amal El Fallah Seghrouchni and
                  Gita Sukthankar and
                  Bo An and
                  Neil Yorke{-}Smith},
  title        = {Demystifying Emergent Intelligence and Its Effect on Performance In
                  Large Robot Swarms},
  booktitle    = {Proceedings of the 19th International Conference on Autonomous Agents
                  and Multiagent Systems, {AAMAS} '20, Auckland, New Zealand, May 9-13,
                  2020},
  pages        = {474--482},
  publisher    = {International Foundation for Autonomous Agents and Multiagent Systems},
  year         = {2020},
  url          = {https://dl.acm.org/doi/10.5555/3398761.3398820},
  doi          = {10.5555/3398761.3398820},
  timestamp    = {Tue, 26 Jul 2022 01:00:00 +0200},
  biburl       = {https://dblp.org/rec/conf/atal/HarwellLG20.bib},
  bibsource    = {dblp computer science bibliography, https://dblp.org}
}

@inproceedings{DBLP:conf/atal/LiangCSMK20,
  author       = {Paul Pu Liang and
                  Jeffrey Chen and
                  Ruslan Salakhutdinov and
                  Louis{-}Philippe Morency and
                  Satwik Kottur},
  editor       = {Amal El Fallah Seghrouchni and
                  Gita Sukthankar and
                  Bo An and
                  Neil Yorke{-}Smith},
  title        = {On Emergent Communication in Competitive Multi-Agent Teams},
  booktitle    = {Proceedings of the 19th International Conference on Autonomous Agents
                  and Multiagent Systems, {AAMAS} '20, Auckland, New Zealand, May 9-13,
                  2020},
  pages        = {735--743},
  publisher    = {International Foundation for Autonomous Agents and Multiagent Systems},
  year         = {2020},
  url          = {https://dl.acm.org/doi/10.5555/3398761.3398849},
  doi          = {10.5555/3398761.3398849},
  timestamp    = {Tue, 26 Jul 2022 01:00:00 +0200},
  biburl       = {https://dblp.org/rec/conf/atal/LiangCSMK20.bib},
  bibsource    = {dblp computer science bibliography, https://dblp.org}
}

@inproceedings{DBLP:conf/atal/Morris-MartinVP20,
  author       = {Andreasa Morris{-}Martin and
                  Marina De Vos and
                  Julian A. Padget},
  editor       = {Amal El Fallah Seghrouchni and
                  Gita Sukthankar and
                  Bo An and
                  Neil Yorke{-}Smith},
  title        = {Norm Emergence in Multiagent Systems: {A} Viewpoint Paper},
  booktitle    = {Proceedings of the 19th International Conference on Autonomous Agents
                  and Multiagent Systems, {AAMAS} '20, Auckland, New Zealand, May 9-13,
                  2020},
  pages        = {2152--2154},
  publisher    = {International Foundation for Autonomous Agents and Multiagent Systems},
  year         = {2020},
  url          = {https://dl.acm.org/doi/10.5555/3398761.3399107},
  doi          = {10.5555/3398761.3399107},
  timestamp    = {Tue, 26 Jul 2022 01:00:00 +0200},
  biburl       = {https://dblp.org/rec/conf/atal/Morris-MartinVP20.bib},
  bibsource    = {dblp computer science bibliography, https://dblp.org}
}

@inproceedings{DBLP:conf/atal/Pernpeintner20,
  author       = {Michael Pernpeintner},
  editor       = {Amal El Fallah Seghrouchni and
                  Gita Sukthankar and
                  Bo An and
                  Neil Yorke{-}Smith},
  title        = {Achieving Emergent Governance in Competitive Multi-Agent Systems},
  booktitle    = {Proceedings of the 19th International Conference on Autonomous Agents
                  and Multiagent Systems, {AAMAS} '20, Auckland, New Zealand, May 9-13,
                  2020},
  pages        = {2204--2206},
  publisher    = {International Foundation for Autonomous Agents and Multiagent Systems},
  year         = {2020},
  url          = {https://dl.acm.org/doi/10.5555/3398761.3399126},
  doi          = {10.5555/3398761.3399126},
  timestamp    = {Tue, 26 Jul 2022 01:00:00 +0200},
  biburl       = {https://dblp.org/rec/conf/atal/Pernpeintner20.bib},
  bibsource    = {dblp computer science bibliography, https://dblp.org}
}

@inproceedings{DBLP:conf/atal/PettetMKVD20,
  author       = {Geoffrey Pettet and
                  Ayan Mukhopadhyay and
                  Mykel J. Kochenderfer and
                  Yevgeniy Vorobeychik and
                  Abhishek Dubey},
  editor       = {Amal El Fallah Seghrouchni and
                  Gita Sukthankar and
                  Bo An and
                  Neil Yorke{-}Smith},
  title        = {On Algorithmic Decision Procedures in Emergency Response Systems in
                  Smart and Connected Communities},
  booktitle    = {Proceedings of the 19th International Conference on Autonomous Agents
                  and Multiagent Systems, {AAMAS} '20, Auckland, New Zealand, May 9-13,
                  2020},
  pages        = {1046--1054},
  publisher    = {International Foundation for Autonomous Agents and Multiagent Systems},
  year         = {2020},
  url          = {https://dl.acm.org/doi/10.5555/3398761.3398883},
  doi          = {10.5555/3398761.3398883},
  timestamp    = {Tue, 26 Jul 2022 01:00:00 +0200},
  biburl       = {https://dblp.org/rec/conf/atal/PettetMKVD20.bib},
  bibsource    = {dblp computer science bibliography, https://dblp.org}
}

@inproceedings{DBLP:conf/atal/Resnick0FDC20,
  author       = {Cinjon Resnick and
                  Abhinav Gupta and
                  Jakob N. Foerster and
                  Andrew M. Dai and
                  Kyunghyun Cho},
  editor       = {Amal El Fallah Seghrouchni and
                  Gita Sukthankar and
                  Bo An and
                  Neil Yorke{-}Smith},
  title        = {Capacity, Bandwidth, and Compositionality in Emergent Language Learning},
  booktitle    = {Proceedings of the 19th International Conference on Autonomous Agents
                  and Multiagent Systems, {AAMAS} '20, Auckland, New Zealand, May 9-13,
                  2020},
  pages        = {1125--1133},
  publisher    = {International Foundation for Autonomous Agents and Multiagent Systems},
  year         = {2020},
  url          = {https://dl.acm.org/doi/10.5555/3398761.3398892},
  doi          = {10.5555/3398761.3398892},
  timestamp    = {Tue, 26 Jul 2022 01:00:00 +0200},
  biburl       = {https://dblp.org/rec/conf/atal/Resnick0FDC20.bib},
  bibsource    = {dblp computer science bibliography, https://dblp.org}
}

@inproceedings{DBLP:conf/coin-ws/MarchantG20,
  author       = {James Marchant and
                  Nathan Griffiths},
  editor       = {Andrea Aler Tubella and
                  Stephen Cranefield and
                  Christopher Frantz and
                  Felipe Meneguzzi and
                  Wamberto Vasconcelos},
  title        = {Convention Emergence in Partially Observable Topologies},
  booktitle    = {Coordination, Organizations, Institutions, Norms, and Ethics for Governance
                  of Multi-Agent Systems {XIII} - International Workshops {COIN} 2017
                  and {COINE} 2020, Sao Paulo, Brazil, May 8-9, 2017 and Virtual Event,
                  May 9, 2020, Revised Selected Papers},
  series       = {Lecture Notes in Computer Science},
  volume       = {12298},
  pages        = {79--97},
  publisher    = {Springer},
  year         = {2020},
  url          = {https://doi.org/10.1007/978-3-030-72376-7\_5},
  doi          = {10.1007/978-3-030-72376-7\_5},
  timestamp    = {Sun, 25 Jul 2021 01:00:00 +0200},
  biburl       = {https://dblp.org/rec/conf/coin-ws/MarchantG20.bib},
  bibsource    = {dblp computer science bibliography, https://dblp.org}
}

@inproceedings{DBLP:conf/coin-ws/Morris-MartinVP20,
  author       = {Andreasa Morris{-}Martin and
                  Marina De Vos and
                  Julian A. Padget},
  editor       = {Andrea Aler Tubella and
                  Stephen Cranefield and
                  Christopher Frantz and
                  Felipe Meneguzzi and
                  Wamberto Vasconcelos},
  title        = {A Norm Emergence Framework for Normative {MAS} - Position Paper},
  booktitle    = {Coordination, Organizations, Institutions, Norms, and Ethics for Governance
                  of Multi-Agent Systems {XIII} - International Workshops {COIN} 2017
                  and {COINE} 2020, Sao Paulo, Brazil, May 8-9, 2017 and Virtual Event,
                  May 9, 2020, Revised Selected Papers},
  series       = {Lecture Notes in Computer Science},
  volume       = {12298},
  pages        = {156--174},
  publisher    = {Springer},
  year         = {2020},
  url          = {https://doi.org/10.1007/978-3-030-72376-7\_9},
  doi          = {10.1007/978-3-030-72376-7\_9},
  timestamp    = {Sun, 25 Jul 2021 01:00:00 +0200},
  biburl       = {https://dblp.org/rec/conf/coin-ws/Morris-MartinVP20.bib},
  bibsource    = {dblp computer science bibliography, https://dblp.org}
}

@inproceedings{DBLP:conf/atal/HuLLL19,
  author       = {Shuyue Hu and
                  Chin{-}wing Leung and
                  Ho{-}fung Leung and
                  Jiamou Liu},
  editor       = {Edith Elkind and
                  Manuela Veloso and
                  Noa Agmon and
                  Matthew E. Taylor},
  title        = {To be Big Picture Thinker or Detail-Oriented?: Utilizing Perceived
                  Gist Information to Achieve Efficient Convention Emergence with Bilateralism
                  and Multilateralism},
  booktitle    = {Proceedings of the 18th International Conference on Autonomous Agents
                  and MultiAgent Systems, {AAMAS} '19, Montreal, QC, Canada, May 13-17,
                  2019},
  pages        = {2021--2023},
  publisher    = {International Foundation for Autonomous Agents and Multiagent Systems},
  year         = {2019},
  url          = {http://dl.acm.org/citation.cfm?id=3331997},
  timestamp    = {Wed, 29 May 2019 16:36:58 +0200},
  biburl       = {https://dblp.org/rec/conf/atal/HuLLL19.bib},
  bibsource    = {dblp computer science bibliography, https://dblp.org}
}

@inproceedings{DBLP:conf/atal/LoweFBPD19,
  author       = {Ryan Lowe and
                  Jakob N. Foerster and
                  Y{-}Lan Boureau and
                  Joelle Pineau and
                  Yann N. Dauphin},
  editor       = {Edith Elkind and
                  Manuela Veloso and
                  Noa Agmon and
                  Matthew E. Taylor},
  title        = {On the Pitfalls of Measuring Emergent Communication},
  booktitle    = {Proceedings of the 18th International Conference on Autonomous Agents
                  and MultiAgent Systems, {AAMAS} '19, Montreal, QC, Canada, May 13-17,
                  2019},
  pages        = {693--701},
  publisher    = {International Foundation for Autonomous Agents and Multiagent Systems},
  year         = {2019},
  url          = {http://dl.acm.org/citation.cfm?id=3331757},
  timestamp    = {Wed, 24 Jul 2019 01:00:00 +0200},
  biburl       = {https://dblp.org/rec/conf/atal/LoweFBPD19.bib},
  bibsource    = {dblp computer science bibliography, https://dblp.org}
}

@inproceedings{DBLP:conf/atal/NeupaneG19,
  author       = {Aadesh Neupane and
                  Michael A. Goodrich},
  editor       = {Edith Elkind and
                  Manuela Veloso and
                  Noa Agmon and
                  Matthew E. Taylor},
  title        = {Designing Emergent Swarm Behaviors using Behavior Trees and Grammatical
                  Evolution},
  booktitle    = {Proceedings of the 18th International Conference on Autonomous Agents
                  and MultiAgent Systems, {AAMAS} '19, Montreal, QC, Canada, May 13-17,
                  2019},
  pages        = {2138--2140},
  publisher    = {International Foundation for Autonomous Agents and Multiagent Systems},
  year         = {2019},
  url          = {http://dl.acm.org/citation.cfm?id=3332036},
  timestamp    = {Wed, 29 May 2019 01:00:00 +0200},
  biburl       = {https://dblp.org/rec/conf/atal/NeupaneG19.bib},
  bibsource    = {dblp computer science bibliography, https://dblp.org}
}

@inproceedings{DBLP:conf/atal/SheikhB19,
  author       = {Hassam Ullah Sheikh and
                  Ladislau B{\"{o}}l{\"{o}}ni},
  editor       = {Edith Elkind and
                  Manuela Veloso and
                  Noa Agmon and
                  Matthew E. Taylor},
  title        = {Emergence of Scenario-Appropriate Collaborative Behaviors for Teams
                  of Robotic Bodyguards},
  booktitle    = {Proceedings of the 18th International Conference on Autonomous Agents
                  and MultiAgent Systems, {AAMAS} '19, Montreal, QC, Canada, May 13-17,
                  2019},
  pages        = {2189--2191},
  publisher    = {International Foundation for Autonomous Agents and Multiagent Systems},
  year         = {2019},
  url          = {http://dl.acm.org/citation.cfm?id=3332053},
  timestamp    = {Wed, 29 May 2019 01:00:00 +0200},
  biburl       = {https://dblp.org/rec/conf/atal/SheikhB19.bib},
  bibsource    = {dblp computer science bibliography, https://dblp.org}
}

@inproceedings{DBLP:conf/atal/Sierra-Santibanez19,
  author       = {Josefina Sierra{-}Santib{\'{a}}{\~{n}}ez},
  editor       = {Edith Elkind and
                  Manuela Veloso and
                  Noa Agmon and
                  Matthew E. Taylor},
  title        = {An Agent-Based Model of the Emergence and Evolution of a Language
                  System for Boolean Coordination: {JAAMAS} Track},
  booktitle    = {Proceedings of the 18th International Conference on Autonomous Agents
                  and MultiAgent Systems, {AAMAS} '19, Montreal, QC, Canada, May 13-17,
                  2019},
  pages        = {1761--1763},
  publisher    = {International Foundation for Autonomous Agents and Multiagent Systems},
  year         = {2019},
  url          = {http://dl.acm.org/citation.cfm?id=3331909},
  timestamp    = {Wed, 29 May 2019 01:00:00 +0200},
  biburl       = {https://dblp.org/rec/conf/atal/Sierra-Santibanez19.bib},
  bibsource    = {dblp computer science bibliography, https://dblp.org}
}

@inproceedings{DBLP:conf/atal/MukhopadhyayWV18,
  author       = {Ayan Mukhopadhyay and
                  Zilin Wang and
                  Yevgeniy Vorobeychik},
  editor       = {Elisabeth Andr{\'{e}} and
                  Sven Koenig and
                  Mehdi Dastani and
                  Gita Sukthankar},
  title        = {A Decision Theoretic Framework for Emergency Responder Dispatch},
  booktitle    = {Proceedings of the 17th International Conference on Autonomous Agents
                  and MultiAgent Systems, {AAMAS} 2018, Stockholm, Sweden, July 10-15,
                  2018},
  pages        = {588--596},
  publisher    = {International Foundation for Autonomous Agents and Multiagent Systems
                  Richland, SC, {USA} / {ACM}},
  year         = {2018},
  url          = {http://dl.acm.org/citation.cfm?id=3237471},
  timestamp    = {Sat, 30 Sep 2023 09:34:53 +0200},
  biburl       = {https://dblp.org/rec/conf/atal/MukhopadhyayWV18.bib},
  bibsource    = {dblp computer science bibliography, https://dblp.org}
}

@inproceedings{DBLP:conf/atal/PhanBGS18,
  author       = {Thomy Phan and
                  Lenz Belzner and
                  Thomas Gabor and
                  Kyrill Schmid},
  editor       = {Elisabeth Andr{\'{e}} and
                  Sven Koenig and
                  Mehdi Dastani and
                  Gita Sukthankar},
  title        = {Leveraging Statistical Multi-Agent Online Planning with Emergent Value
                  Function Approximation},
  booktitle    = {Proceedings of the 17th International Conference on Autonomous Agents
                  and MultiAgent Systems, {AAMAS} 2018, Stockholm, Sweden, July 10-15,
                  2018},
  pages        = {730--738},
  publisher    = {International Foundation for Autonomous Agents and Multiagent Systems
                  Richland, SC, {USA} / {ACM}},
  year         = {2018},
  url          = {http://dl.acm.org/citation.cfm?id=3237491},
  timestamp    = {Mon, 16 Jul 2018 01:00:00 +0200},
  biburl       = {https://dblp.org/rec/conf/atal/PhanBGS18.bib},
  bibsource    = {dblp computer science bibliography, https://dblp.org}
}

@inproceedings{DBLP:conf/atal/WangLHWL18,
  author       = {Yixi Wang and
                  Wenhuan Lu and
                  Jianye Hao and
                  Jianguo Wei and
                  Ho{-}fung Leung},
  editor       = {Elisabeth Andr{\'{e}} and
                  Sven Koenig and
                  Mehdi Dastani and
                  Gita Sukthankar},
  title        = {Efficient Convention Emergence through Decoupled Reinforcement Social
                  Learning with Teacher-Student Mechanism},
  booktitle    = {Proceedings of the 17th International Conference on Autonomous Agents
                  and MultiAgent Systems, {AAMAS} 2018, Stockholm, Sweden, July 10-15,
                  2018},
  pages        = {795--803},
  publisher    = {International Foundation for Autonomous Agents and Multiagent Systems
                  Richland, SC, {USA} / {ACM}},
  year         = {2018},
  url          = {http://dl.acm.org/citation.cfm?id=3237501},
  timestamp    = {Mon, 22 Sep 2025 01:00:00 +0200},
  biburl       = {https://dblp.org/rec/conf/atal/WangLHWL18.bib},
  bibsource    = {dblp computer science bibliography, https://dblp.org}
}

@inproceedings{DBLP:conf/atal/WangOS18,
  author       = {Bohao Wang and
                  Hirotaka Osawa and
                  Ken Satoh},
  editor       = {Elisabeth Andr{\'{e}} and
                  Sven Koenig and
                  Mehdi Dastani and
                  Gita Sukthankar},
  title        = {How Implicit Communication Emerges during Conversation Game},
  booktitle    = {Proceedings of the 17th International Conference on Autonomous Agents
                  and MultiAgent Systems, {AAMAS} 2018, Stockholm, Sweden, July 10-15,
                  2018},
  pages        = {2118--2120},
  publisher    = {International Foundation for Autonomous Agents and Multiagent Systems
                  Richland, SC, {USA} / {ACM}},
  year         = {2018},
  url          = {http://dl.acm.org/citation.cfm?id=3238091},
  timestamp    = {Mon, 16 Jul 2018 01:00:00 +0200},
  biburl       = {https://dblp.org/rec/conf/atal/WangOS18.bib},
  bibsource    = {dblp computer science bibliography, https://dblp.org}
}

@inproceedings{DBLP:conf/atal/ZhangZRYPVC18,
  author       = {Jihang Zhang and
                  Minjie Zhang and
                  Fenghui Ren and
                  Weicheng Yin and
                  Aden Prior and
                  Claudio Villella and
                  Chun{-}Yu Chan},
  editor       = {Elisabeth Andr{\'{e}} and
                  Sven Koenig and
                  Mehdi Dastani and
                  Gita Sukthankar},
  title        = {Enable Automated Emergency Responses Through An Agent-Based Computer-Aided
                  Dispatch System},
  booktitle    = {Proceedings of the 17th International Conference on Autonomous Agents
                  and MultiAgent Systems, {AAMAS} 2018, Stockholm, Sweden, July 10-15,
                  2018},
  pages        = {1844--1846},
  publisher    = {International Foundation for Autonomous Agents and Multiagent Systems
                  Richland, SC, {USA} / {ACM}},
  year         = {2018},
  url          = {http://dl.acm.org/citation.cfm?id=3237997},
  timestamp    = {Mon, 16 Jul 2018 01:00:00 +0200},
  biburl       = {https://dblp.org/rec/conf/atal/ZhangZRYPVC18.bib},
  bibsource    = {dblp computer science bibliography, https://dblp.org}
}

@inproceedings{DBLP:conf/atal/CroattiMR17,
  author       = {Angelo Croatti and
                  Sara Montagna and
                  Alessandro Ricci},
  editor       = {Gita Sukthankar and
                  Juan A. Rodr{\'{\i}}guez{-}Aguilar},
  title        = {A Personal Medical Digital Assistant Agent for Supporting Human Operators
                  in Emergency Scenarios},
  booktitle    = {Autonomous Agents and Multiagent Systems - {AAMAS} 2017 Workshops,
                  Visionary Papers, S{\~{a}}o Paulo, Brazil, May 8-12, 2017, Revised
                  Selected Papers},
  series       = {Lecture Notes in Computer Science},
  volume       = {10643},
  pages        = {228--244},
  publisher    = {Springer},
  year         = {2017},
  url          = {https://doi.org/10.1007/978-3-319-71679-4\_15},
  doi          = {10.1007/978-3-319-71679-4\_15},
  timestamp    = {Mon, 05 Feb 2024 20:34:11 +0100},
  biburl       = {https://dblp.org/rec/conf/atal/CroattiMR17.bib},
  bibsource    = {dblp computer science bibliography, https://dblp.org}
}

@inproceedings{DBLP:conf/atal/CroattiMR17a,
  author       = {Angelo Croatti and
                  Sara Montagna and
                  Alessandro Ricci},
  editor       = {Sara Montagna and
                  Pedro Henriques Abreu and
                  Sylvain Giroux and
                  Michael Ignaz Schumacher},
  title        = {A Personal Medical Digital Assistant Agent for Supporting Human Operators
                  in Emergency Scenarios},
  booktitle    = {Agents and Multi-Agent Systems for Health Care - 10th International
                  Workshop, {A2HC} 2017, S{\~{a}}o Paulo, Brazil, May 8, 2017, and International
                  Workshop, {A-HEALTH} 2017, Porto, Portugal, June 21, 2017, Revised
                  and Extended Selected Papers},
  series       = {Lecture Notes in Computer Science},
  volume       = {10685},
  pages        = {59--75},
  publisher    = {Springer},
  year         = {2017},
  url          = {https://doi.org/10.1007/978-3-319-70887-4\_4},
  doi          = {10.1007/978-3-319-70887-4\_4},
  timestamp    = {Fri, 09 Apr 2021 18:35:44 +0200},
  biburl       = {https://dblp.org/rec/conf/atal/CroattiMR17a.bib},
  bibsource    = {dblp computer science bibliography, https://dblp.org}
}

@inproceedings{DBLP:conf/atal/MarchantG17,
  author       = {James Marchant and
                  Nathan Griffiths},
  editor       = {Kate Larson and
                  Michael Winikoff and
                  Sanmay Das and
                  Edmund H. Durfee},
  title        = {Limited Observations and Local Information in Convention Emergence},
  booktitle    = {Proceedings of the 16th Conference on Autonomous Agents and MultiAgent
                  Systems, {AAMAS} 2017, S{\~{a}}o Paulo, Brazil, May 8-12, 2017},
  pages        = {1628--1630},
  publisher    = {{ACM}},
  year         = {2017},
  url          = {http://dl.acm.org/citation.cfm?id=3091385},
  timestamp    = {Wed, 27 Sep 2017 07:24:00 +0200},
  biburl       = {https://dblp.org/rec/conf/atal/MarchantG17.bib},
  bibsource    = {dblp computer science bibliography, https://dblp.org}
}

@inproceedings{DBLP:conf/atal/MarchantG17a,
  author       = {James Marchant and
                  Nathan Griffiths},
  editor       = {Gita Sukthankar and
                  Juan A. Rodr{\'{\i}}guez{-}Aguilar},
  title        = {Convention Emergence in Partially Observable Topologies},
  booktitle    = {Autonomous Agents and Multiagent Systems - {AAMAS} 2017 Workshops,
                  Best Papers, S{\~{a}}o Paulo, Brazil, May 8-12, 2017, Revised Selected
                  Papers},
  series       = {Lecture Notes in Computer Science},
  volume       = {10642},
  pages        = {187--202},
  publisher    = {Springer},
  year         = {2017},
  url          = {https://doi.org/10.1007/978-3-319-71682-4\_12},
  doi          = {10.1007/978-3-319-71682-4\_12},
  timestamp    = {Mon, 05 Feb 2024 20:34:11 +0100},
  biburl       = {https://dblp.org/rec/conf/atal/MarchantG17a.bib},
  bibsource    = {dblp computer science bibliography, https://dblp.org}
}

@inproceedings{DBLP:conf/atal/MukhopadhyayVDB17,
  author       = {Ayan Mukhopadhyay and
                  Yevgeniy Vorobeychik and
                  Abhishek Dubey and
                  Gautam Biswas},
  editor       = {Kate Larson and
                  Michael Winikoff and
                  Sanmay Das and
                  Edmund H. Durfee},
  title        = {Prioritized Allocation of Emergency Responders based on a Continuous-Time
                  Incident Prediction Model},
  booktitle    = {Proceedings of the 16th Conference on Autonomous Agents and MultiAgent
                  Systems, {AAMAS} 2017, S{\~{a}}o Paulo, Brazil, May 8-12, 2017},
  pages        = {168--177},
  publisher    = {{ACM}},
  year         = {2017},
  url          = {http://dl.acm.org/citation.cfm?id=3091154},
  timestamp    = {Fri, 09 Apr 2021 01:00:00 +0200},
  biburl       = {https://dblp.org/rec/conf/atal/MukhopadhyayVDB17.bib},
  bibsource    = {dblp computer science bibliography, https://dblp.org}
}

@inproceedings{DBLP:conf/atal/NoriegaSVPd17,
  author       = {Pablo Noriega and
                  Jordi Sabater{-}Mir and
                  Harko Verhagen and
                  Julian A. Padget and
                  Mark d'Inverno},
  editor       = {Gita Sukthankar and
                  Juan A. Rodr{\'{\i}}guez{-}Aguilar},
  title        = {Identifying Affordances for Modelling Second-Order Emergent Phenomena
                  with the \emph{WIT} Framework},
  booktitle    = {Autonomous Agents and Multiagent Systems - {AAMAS} 2017 Workshops,
                  Visionary Papers, S{\~{a}}o Paulo, Brazil, May 8-12, 2017, Revised
                  Selected Papers},
  series       = {Lecture Notes in Computer Science},
  volume       = {10643},
  pages        = {208--227},
  publisher    = {Springer},
  year         = {2017},
  url          = {https://doi.org/10.1007/978-3-319-71679-4\_14},
  doi          = {10.1007/978-3-319-71679-4\_14},
  timestamp    = {Sat, 09 Apr 2022 01:00:00 +0200},
  biburl       = {https://dblp.org/rec/conf/atal/NoriegaSVPd17.bib},
  bibsource    = {dblp computer science bibliography, https://dblp.org}
}

@inproceedings{DBLP:conf/atal/ZhangZR17,
  author       = {Jihang Zhang and
                  Minjie Zhang and
                  Fenghui Ren},
  editor       = {Kate Larson and
                  Michael Winikoff and
                  Sanmay Das and
                  Edmund H. Durfee},
  title        = {A Dynamic Resource Allocation Approach for Concurrent Emergency Events
                  in Metropolitan Regions},
  booktitle    = {Proceedings of the 16th Conference on Autonomous Agents and MultiAgent
                  Systems, {AAMAS} 2017, S{\~{a}}o Paulo, Brazil, May 8-12, 2017},
  pages        = {1775--1777},
  publisher    = {{ACM}},
  year         = {2017},
  url          = {http://dl.acm.org/citation.cfm?id=3091435},
  timestamp    = {Thu, 11 May 2017 01:00:00 +0200},
  biburl       = {https://dblp.org/rec/conf/atal/ZhangZR17.bib},
  bibsource    = {dblp computer science bibliography, https://dblp.org}
}

@inproceedings{DBLP:conf/atal/AgarwalP16,
  author       = {Akash Agarwal and
                  Praveen Paruchuri},
  editor       = {Catholijn M. Jonker and
                  Stacy Marsella and
                  John Thangarajah and
                  Karl Tuyls},
  title        = {Analysis of Lane Level Dynamics for Emergency Vehicle Traversal: (Extended
                  Abstract)},
  booktitle    = {Proceedings of the 2016 International Conference on Autonomous Agents
                  {\&} Multiagent Systems, Singapore, May 9-13, 2016},
  pages        = {1389--1390},
  publisher    = {{ACM}},
  year         = {2016},
  url          = {http://dl.acm.org/citation.cfm?id=2937174},
  timestamp    = {Fri, 20 May 2016 20:33:29 +0200},
  biburl       = {https://dblp.org/rec/conf/atal/AgarwalP16.bib},
  bibsource    = {dblp computer science bibliography, https://dblp.org}
}

@inproceedings{DBLP:conf/atal/BeklaryanA16,
  author       = {Armen L. Beklaryan and
                  Andranik S. Akopov},
  editor       = {Catholijn M. Jonker and
                  Stacy Marsella and
                  John Thangarajah and
                  Karl Tuyls},
  title        = {Simulation of Agent-rescuer Behaviour in Emergency Based on Modified
                  Fuzzy Clustering: (Extended Abstract)},
  booktitle    = {Proceedings of the 2016 International Conference on Autonomous Agents
                  {\&} Multiagent Systems, Singapore, May 9-13, 2016},
  pages        = {1275--1276},
  publisher    = {{ACM}},
  year         = {2016},
  url          = {http://dl.acm.org/citation.cfm?id=2937117},
  timestamp    = {Fri, 20 May 2016 01:00:00 +0200},
  biburl       = {https://dblp.org/rec/conf/atal/BeklaryanA16.bib},
  bibsource    = {dblp computer science bibliography, https://dblp.org}
}

@inproceedings{DBLP:conf/atal/MahmoudML16,
  author       = {Samhar Mahmoud and
                  Simon Miles and
                  Michael Luck},
  editor       = {Catholijn M. Jonker and
                  Stacy Marsella and
                  John Thangarajah and
                  Karl Tuyls},
  title        = {Cooperation Emergence under Resource-Constrained Peer Punishment},
  booktitle    = {Proceedings of the 2016 International Conference on Autonomous Agents
                  {\&} Multiagent Systems, Singapore, May 9-13, 2016},
  pages        = {900--908},
  publisher    = {{ACM}},
  year         = {2016},
  url          = {http://dl.acm.org/citation.cfm?id=2937056},
  timestamp    = {Fri, 20 May 2016 01:00:00 +0200},
  biburl       = {https://dblp.org/rec/conf/atal/MahmoudML16.bib},
  bibsource    = {dblp computer science bibliography, https://dblp.org}
}

@inproceedings{DBLP:conf/atal/SequeiraMP16,
  author       = {Pedro Sequeira and
                  Francisco S. Melo and
                  Ana Paiva},
  editor       = {Catholijn M. Jonker and
                  Stacy Marsella and
                  John Thangarajah and
                  Karl Tuyls},
  title        = {Emergence of Emotional Appraisal Signals in Reinforcement Learning
                  Agents},
  booktitle    = {Proceedings of the 2016 International Conference on Autonomous Agents
                  {\&} Multiagent Systems, Singapore, May 9-13, 2016},
  pages        = {466--467},
  publisher    = {{ACM}},
  year         = {2016},
  url          = {http://dl.acm.org/citation.cfm?id=2936992},
  timestamp    = {Tue, 11 Jan 2022 00:00:00 +0100},
  biburl       = {https://dblp.org/rec/conf/atal/SequeiraMP16.bib},
  bibsource    = {dblp computer science bibliography, https://dblp.org}
}

@inproceedings{DBLP:conf/atal/ShibusawaOS16,
  author       = {Ryosuke Shibusawa and
                  Tomoaki Otsuka and
                  Toshiharu Sugawara},
  editor       = {Catholijn M. Jonker and
                  Stacy Marsella and
                  John Thangarajah and
                  Karl Tuyls},
  title        = {Emergence of Cooperation in Complex Agent Networks Based on Expectation
                  of Cooperation: (Extended Abstract)},
  booktitle    = {Proceedings of the 2016 International Conference on Autonomous Agents
                  {\&} Multiagent Systems, Singapore, May 9-13, 2016},
  pages        = {1333--1334},
  publisher    = {{ACM}},
  year         = {2016},
  url          = {http://dl.acm.org/citation.cfm?id=2937146},
  timestamp    = {Fri, 20 May 2016 01:00:00 +0200},
  biburl       = {https://dblp.org/rec/conf/atal/ShibusawaOS16.bib},
  bibsource    = {dblp computer science bibliography, https://dblp.org}
}

@inproceedings{DBLP:conf/atal/YuLSHRL16,
  author       = {Chao Yu and
                  Hongtao Lv and
                  Sandip Sen and
                  Jianye Hao and
                  Fenghui Ren and
                  Rui Liu},
  editor       = {Catholijn M. Jonker and
                  Stacy Marsella and
                  John Thangarajah and
                  Karl Tuyls},
  title        = {An Adaptive Learning Framework for Efficient Emergence of Social Norms:
                  (Extended Abstract)},
  booktitle    = {Proceedings of the 2016 International Conference on Autonomous Agents
                  {\&} Multiagent Systems, Singapore, May 9-13, 2016},
  pages        = {1307--1308},
  publisher    = {{ACM}},
  year         = {2016},
  url          = {http://dl.acm.org/citation.cfm?id=2937133},
  timestamp    = {Wed, 04 May 2022 01:00:00 +0200},
  biburl       = {https://dblp.org/rec/conf/atal/YuLSHRL16.bib},
  bibsource    = {dblp computer science bibliography, https://dblp.org}
}

@inproceedings{DBLP:conf/atal/ZhangZRL16,
  author       = {Jihang Zhang and
                  Minjie Zhang and
                  Fenghui Ren and
                  Jiakun Liu},
  editor       = {Catholijn M. Jonker and
                  Stacy Marsella and
                  John Thangarajah and
                  Karl Tuyls},
  title        = {A Decentralised Multi-Agent System for Emergency Resource Allocation
                  in Metropolitan Regions: (Demonstration)},
  booktitle    = {Proceedings of the 2016 International Conference on Autonomous Agents
                  {\&} Multiagent Systems, Singapore, May 9-13, 2016},
  pages        = {1482--1484},
  publisher    = {{ACM}},
  year         = {2016},
  url          = {http://dl.acm.org/citation.cfm?id=2937220},
  timestamp    = {Fri, 20 May 2016 01:00:00 +0200},
  biburl       = {https://dblp.org/rec/conf/atal/ZhangZRL16.bib},
  bibsource    = {dblp computer science bibliography, https://dblp.org}
}

@inproceedings{DBLP:conf/atal/HaoSHCY15,
  author       = {Jianye Hao and
                  Jun Sun and
                  Dongping Huang and
                  Yi Cai and
                  Chao Yu},
  editor       = {Gerhard Weiss and
                  Pinar Yolum and
                  Rafael H. Bordini and
                  Edith Elkind},
  title        = {Heuristic Collective Learning for Efficient and Robust Emergence of
                  Social Norms},
  booktitle    = {Proceedings of the 2015 International Conference on Autonomous Agents
                  and Multiagent Systems, {AAMAS} 2015, Istanbul, Turkey, May 4-8, 2015},
  pages        = {1647--1648},
  publisher    = {{ACM}},
  year         = {2015},
  url          = {http://dl.acm.org/citation.cfm?id=2773366},
  timestamp    = {Fri, 26 Jul 2024 01:00:00 +0200},
  biburl       = {https://dblp.org/rec/conf/atal/HaoSHCY15.bib},
  bibsource    = {dblp computer science bibliography, https://dblp.org}
}

@inproceedings{DBLP:conf/atal/MarchantGL15,
  author       = {James Marchant and
                  Nathan Griffiths and
                  Matthew Leeke},
  editor       = {Gerhard Weiss and
                  Pinar Yolum and
                  Rafael H. Bordini and
                  Edith Elkind},
  title        = {Convention Emergence and Influence in Dynamic Topologies},
  booktitle    = {Proceedings of the 2015 International Conference on Autonomous Agents
                  and Multiagent Systems, {AAMAS} 2015, Istanbul, Turkey, May 4-8, 2015},
  pages        = {1785--1786},
  publisher    = {{ACM}},
  year         = {2015},
  url          = {http://dl.acm.org/citation.cfm?id=2773436},
  timestamp    = {Fri, 15 May 2015 01:00:00 +0200},
  biburl       = {https://dblp.org/rec/conf/atal/MarchantGL15.bib},
  bibsource    = {dblp computer science bibliography, https://dblp.org}
}

@inproceedings{DBLP:conf/atal/SequeiraMMP15,
  author       = {Pedro Sequeira and
                  Samuel Mascarenhas and
                  Francisco S. Melo and
                  Ana Paiva},
  editor       = {Gerhard Weiss and
                  Pinar Yolum and
                  Rafael H. Bordini and
                  Edith Elkind},
  title        = {The "Favors Game": {A} Framework to Study the Emergence of Cooperation
                  through Social Importance},
  booktitle    = {Proceedings of the 2015 International Conference on Autonomous Agents
                  and Multiagent Systems, {AAMAS} 2015, Istanbul, Turkey, May 4-8, 2015},
  pages        = {1899--1900},
  publisher    = {{ACM}},
  year         = {2015},
  url          = {http://dl.acm.org/citation.cfm?id=2773493},
  timestamp    = {Tue, 11 Jan 2022 00:00:00 +0100},
  biburl       = {https://dblp.org/rec/conf/atal/SequeiraMMP15.bib},
  bibsource    = {dblp computer science bibliography, https://dblp.org}
}

@inproceedings{DBLP:conf/atal/Vouros15,
  author       = {George A. Vouros},
  editor       = {Fernando Koch and
                  Christian Guttmann and
                  D{\'{\i}}dac Busquets},
  title        = {The Emergence of Norms via Contextual Agreements in Open Societies},
  booktitle    = {Advances in Social Computing and Multiagent Systems - 6th International
                  Workshop on Collaborative Agents Research and Development, {CARE}
                  2015 and Second International Workshop on Multiagent Foundations of
                  Social Computing, {MFSC} 2015, Istanbul, Turkey, May 4, 2015, Revised
                  Selected Papers},
  series       = {Communications in Computer and Information Science},
  volume       = {541},
  pages        = {185--201},
  publisher    = {Springer},
  year         = {2015},
  url          = {https://doi.org/10.1007/978-3-319-24804-2\_12},
  doi          = {10.1007/978-3-319-24804-2\_12},
  timestamp    = {Sun, 12 Nov 2023 00:00:00 +0100},
  biburl       = {https://dblp.org/rec/conf/atal/Vouros15.bib},
  bibsource    = {dblp computer science bibliography, https://dblp.org}
}

@inproceedings{DBLP:conf/atal/BirdseyS14,
  author       = {Lachlan Birdsey and
                  Claudia Szabo},
  editor       = {Ana L. C. Bazzan and
                  Michael N. Huhns and
                  Alessio Lomuscio and
                  Paul Scerri},
  title        = {An architecture for identifying emergent behavior in multi-agent systems},
  booktitle    = {International conference on Autonomous Agents and Multi-Agent Systems,
                  {AAMAS} '14, Paris, France, May 5-9, 2014},
  pages        = {1455--1456},
  publisher    = {{IFAAMAS/ACM}},
  year         = {2014},
  url          = {http://dl.acm.org/citation.cfm?id=2617520},
  timestamp    = {Thu, 25 Sep 2014 07:46:15 +0200},
  biburl       = {https://dblp.org/rec/conf/atal/BirdseyS14.bib},
  bibsource    = {dblp computer science bibliography, https://dblp.org}
}

@inproceedings{DBLP:conf/atal/HasanAR14,
  author       = {Mohammad Rashedul Hasan and
                  Sherief Abdallah and
                  Anita Raja},
  editor       = {Ana L. C. Bazzan and
                  Michael N. Huhns and
                  Alessio Lomuscio and
                  Paul Scerri},
  title        = {Topology aware convention emergence},
  booktitle    = {International conference on Autonomous Agents and Multi-Agent Systems,
                  {AAMAS} '14, Paris, France, May 5-9, 2014},
  pages        = {1593--1594},
  publisher    = {{IFAAMAS/ACM}},
  year         = {2014},
  url          = {http://dl.acm.org/citation.cfm?id=2616078},
  timestamp    = {Thu, 25 Sep 2014 01:00:00 +0200},
  biburl       = {https://dblp.org/rec/conf/atal/HasanAR14.bib},
  bibsource    = {dblp computer science bibliography, https://dblp.org}
}

@inproceedings{DBLP:conf/atal/KeoghS14,
  author       = {Kathleen Keogh and
                  Liz Sonenberg},
  editor       = {Aditya Ghose and
                  Nir Oren and
                  Pankaj R. Telang and
                  John Thangarajah},
  title        = {Designing for Planned Emergence in Multi-agent Systems},
  booktitle    = {Coordination, Organizations, Institutions, and Norms in Agent Systems
                  {X} - {COIN} 2014 International Workshops, COIN@AAMAS, Paris, France,
                  May 6, 2014, COIN@PRICAI, Gold Coast, QLD, Australia, December 4,
                  2014, Revised Selected Papers},
  series       = {Lecture Notes in Computer Science},
  volume       = {9372},
  pages        = {97--113},
  publisher    = {Springer},
  year         = {2014},
  url          = {https://doi.org/10.1007/978-3-319-25420-3\_7},
  doi          = {10.1007/978-3-319-25420-3\_7},
  timestamp    = {Mon, 16 Sep 2019 15:22:44 +0200},
  biburl       = {https://dblp.org/rec/conf/atal/KeoghS14.bib},
  bibsource    = {dblp computer science bibliography, https://dblp.org}
}

@inproceedings{DBLP:conf/atal/KleinM14,
  author       = {Dominik Klein and
                  Johannes Marx},
  editor       = {Robin Cohen and
                  Rino Falcone and
                  Timothy J. Norman},
  title        = {The Dynamics of Trust - Emergence and Destruction},
  booktitle    = {Proceedings of the 17th International Workshop on Trust in Agent Societies
                  co-located with the 13th International Conference on Autonomous Agents
                  and Multiagent Systems {(AAMAS} 2014), Paris, France, May 6, 2014},
  series       = {{CEUR} Workshop Proceedings},
  volume       = {1740},
  pages        = {68--77},
  publisher    = {CEUR-WS.org},
  year         = {2014},
  url          = {https://ceur-ws.org/Vol-1740/paper7.pdf},
  timestamp    = {Fri, 10 Mar 2023 16:22:57 +0100},
  biburl       = {https://dblp.org/rec/conf/atal/KleinM14.bib},
  bibsource    = {dblp computer science bibliography, https://dblp.org}
}

@inproceedings{DBLP:conf/atal/OkayaNT14,
  author       = {Masaru Okaya and
                  Toshinori Niwa and
                  Tomoichi Takahashi},
  editor       = {Ana L. C. Bazzan and
                  Michael N. Huhns and
                  Alessio Lomuscio and
                  Paul Scerri},
  title        = {{TENDENKO:} agent-based evacuation drill and emergency planning system},
  booktitle    = {International conference on Autonomous Agents and Multi-Agent Systems,
                  {AAMAS} '14, Paris, France, May 5-9, 2014},
  pages        = {1669--1670},
  publisher    = {{IFAAMAS/ACM}},
  year         = {2014},
  url          = {http://dl.acm.org/citation.cfm?id=2616117},
  timestamp    = {Thu, 25 Sep 2014 01:00:00 +0200},
  biburl       = {https://dblp.org/rec/conf/atal/OkayaNT14.bib},
  bibsource    = {dblp computer science bibliography, https://dblp.org}
}

@inproceedings{DBLP:conf/atal/Suagwara14,
  author       = {Toshiharu Suagwara},
  editor       = {Ana L. C. Bazzan and
                  Michael N. Huhns and
                  Alessio Lomuscio and
                  Paul Scerri},
  title        = {Emergence of conventions in conflict situations in complex agent network
                  environments},
  booktitle    = {International conference on Autonomous Agents and Multi-Agent Systems,
                  {AAMAS} '14, Paris, France, May 5-9, 2014},
  pages        = {1459--1460},
  publisher    = {{IFAAMAS/ACM}},
  year         = {2014},
  url          = {http://dl.acm.org/citation.cfm?id=2617522},
  timestamp    = {Thu, 25 Sep 2014 01:00:00 +0200},
  biburl       = {https://dblp.org/rec/conf/atal/Suagwara14.bib},
  bibsource    = {dblp computer science bibliography, https://dblp.org}
}

@inproceedings{DBLP:conf/atal/Hasan13,
  author       = {Mohammad Rashedul Hasan},
  editor       = {Maria L. Gini and
                  Onn Shehory and
                  Takayuki Ito and
                  Catholijn M. Jonker},
  title        = {Emergence of privacy conventions in online social networks},
  booktitle    = {International conference on Autonomous Agents and Multi-Agent Systems,
                  {AAMAS} '13, Saint Paul, MN, USA, May 6-10, 2013},
  pages        = {1433--1434},
  publisher    = {{IFAAMAS}},
  year         = {2013},
  url          = {http://dl.acm.org/citation.cfm?id=2485262},
  timestamp    = {Thu, 09 Sep 2021 16:09:54 +0200},
  biburl       = {https://dblp.org/rec/conf/atal/Hasan13.bib},
  bibsource    = {dblp computer science bibliography, https://dblp.org}
}

@inproceedings{DBLP:conf/atal/KochanowiczAT13,
  author       = {Jaroslaw Kochanowicz and
                  Ah{-}Hwee Tan and
                  Daniel Thalmann},
  editor       = {Maria L. Gini and
                  Onn Shehory and
                  Takayuki Ito and
                  Catholijn M. Jonker},
  title        = {Enabling generative, emergent artificial culture},
  booktitle    = {International conference on Autonomous Agents and Multi-Agent Systems,
                  {AAMAS} '13, Saint Paul, MN, USA, May 6-10, 2013},
  pages        = {789--792},
  publisher    = {{IFAAMAS}},
  year         = {2013},
  url          = {http://dl.acm.org/citation.cfm?id=2485044},
  timestamp    = {Mon, 09 Dec 2013 00:00:00 +0100},
  biburl       = {https://dblp.org/rec/conf/atal/KochanowiczAT13.bib},
  bibsource    = {dblp computer science bibliography, https://dblp.org}
}

@inproceedings{DBLP:conf/atal/MoshirpourMEF13,
  author       = {Mohammad Moshirpour and
                  Nariman Mani and
                  Armin Eberlein and
                  Behrouz Homayoun Far},
  editor       = {Maria L. Gini and
                  Onn Shehory and
                  Takayuki Ito and
                  Catholijn M. Jonker},
  title        = {Model based approach to detect emergent behavior in multi-agent systems},
  booktitle    = {International conference on Autonomous Agents and Multi-Agent Systems,
                  {AAMAS} '13, Saint Paul, MN, USA, May 6-10, 2013},
  pages        = {1285--1286},
  publisher    = {{IFAAMAS}},
  year         = {2013},
  url          = {http://dl.acm.org/citation.cfm?id=2485185},
  timestamp    = {Fri, 28 Jun 2013 01:00:00 +0200},
  biburl       = {https://dblp.org/rec/conf/atal/MoshirpourMEF13.bib},
  bibsource    = {dblp computer science bibliography, https://dblp.org}
}

@inproceedings{DBLP:conf/atal/YuZRL13,
  author       = {Chao Yu and
                  Minjie Zhang and
                  Fenghui Ren and
                  Xudong Luo},
  editor       = {Maria L. Gini and
                  Onn Shehory and
                  Takayuki Ito and
                  Catholijn M. Jonker},
  title        = {Emergence of social norms through collective learning in networked
                  agent societies},
  booktitle    = {International conference on Autonomous Agents and Multi-Agent Systems,
                  {AAMAS} '13, Saint Paul, MN, USA, May 6-10, 2013},
  pages        = {475--482},
  publisher    = {{IFAAMAS}},
  year         = {2013},
  url          = {http://dl.acm.org/citation.cfm?id=2484997},
  timestamp    = {Sun, 23 Apr 2023 01:00:00 +0200},
  biburl       = {https://dblp.org/rec/conf/atal/YuZRL13.bib},
  bibsource    = {dblp computer science bibliography, https://dblp.org}
}

@inproceedings{DBLP:conf/aamas/AnhPS12,
  author       = {Han The Anh and
                  Lu{\'{\i}}s Moniz Pereira and
                  Francisco C. Santos},
  editor       = {Wiebe van der Hoek and
                  Lin Padgham and
                  Vincent Conitzer and
                  Michael Winikoff},
  title        = {The emergence of commitments and cooperation},
  booktitle    = {International Conference on Autonomous Agents and Multiagent Systems,
                  {AAMAS} 2012, Valencia, Spain, June 4-8, 2012 {(3} Volumes)},
  pages        = {559--566},
  publisher    = {{IFAAMAS}},
  year         = {2012},
  url          = {http://dl.acm.org/citation.cfm?id=2343656},
  timestamp    = {Thu, 19 Mar 2015 00:00:00 +0100},
  biburl       = {https://dblp.org/rec/conf/aamas/AnhPS12.bib},
  bibsource    = {dblp computer science bibliography, https://dblp.org}
}

@inproceedings{DBLP:conf/aamas/GriffithsA12,
  author       = {Nathan Griffiths and
                  Sarabjot Singh Anand},
  editor       = {Wiebe van der Hoek and
                  Lin Padgham and
                  Vincent Conitzer and
                  Michael Winikoff},
  title        = {The impact of social placement of non-learning agents on convention
                  emergence},
  booktitle    = {International Conference on Autonomous Agents and Multiagent Systems,
                  {AAMAS} 2012, Valencia, Spain, June 4-8, 2012 {(3} Volumes)},
  pages        = {1367--1368},
  publisher    = {{IFAAMAS}},
  year         = {2012},
  url          = {http://dl.acm.org/citation.cfm?id=2344009},
  timestamp    = {Thu, 19 Mar 2015 00:00:00 +0100},
  biburl       = {https://dblp.org/rec/conf/aamas/GriffithsA12.bib},
  bibsource    = {dblp computer science bibliography, https://dblp.org}
}

@inproceedings{DBLP:conf/aamas/HendrixBLM12,
  author       = {Philip Hendrix and
                  Elena O. Budrene and
                  Igor Linkov and
                  Benoit Morel},
  editor       = {Wiebe van der Hoek and
                  Lin Padgham and
                  Vincent Conitzer and
                  Michael Winikoff},
  title        = {Emergent behavior of bacteria in a multiagent system},
  booktitle    = {International Conference on Autonomous Agents and Multiagent Systems,
                  {AAMAS} 2012, Valencia, Spain, June 4-8, 2012 {(3} Volumes)},
  pages        = {1337--1338},
  publisher    = {{IFAAMAS}},
  year         = {2012},
  url          = {http://dl.acm.org/citation.cfm?id=2343993},
  timestamp    = {Thu, 19 Mar 2015 00:00:00 +0100},
  biburl       = {https://dblp.org/rec/conf/aamas/HendrixBLM12.bib},
  bibsource    = {dblp computer science bibliography, https://dblp.org}
}

@inproceedings{DBLP:conf/aamas/MeneguzziOCSMTL12,
  author       = {Felipe Meneguzzi and
                  Jean Oh and
                  Nilanjan Chakraborty and
                  Katia P. Sycara and
                  Siddharth Mehrotra and
                  James Tittle and
                  Michael Lewis},
  editor       = {Wiebe van der Hoek and
                  Lin Padgham and
                  Vincent Conitzer and
                  Michael Winikoff},
  title        = {A cognitive architecture for emergency response},
  booktitle    = {International Conference on Autonomous Agents and Multiagent Systems,
                  {AAMAS} 2012, Valencia, Spain, June 4-8, 2012 {(3} Volumes)},
  pages        = {1161--1162},
  publisher    = {{IFAAMAS}},
  year         = {2012},
  url          = {http://dl.acm.org/citation.cfm?id=2343899},
  timestamp    = {Thu, 19 Mar 2015 00:00:00 +0100},
  biburl       = {https://dblp.org/rec/conf/aamas/MeneguzziOCSMTL12.bib},
  bibsource    = {dblp computer science bibliography, https://dblp.org}
}

@inproceedings{DBLP:conf/aamas/SuetsuguMKI12,
  author       = {Katsuya Suetsugu and
                  Atsuko Mutoh and
                  Shohei Kato and
                  Hidenori Itoh},
  editor       = {Wiebe van der Hoek and
                  Lin Padgham and
                  Vincent Conitzer and
                  Michael Winikoff},
  title        = {Emergence of multi-generational migration behavior by adaptiogenesis
                  to environmental changes},
  booktitle    = {International Conference on Autonomous Agents and Multiagent Systems,
                  {AAMAS} 2012, Valencia, Spain, June 4-8, 2012 {(3} Volumes)},
  pages        = {1159--1160},
  publisher    = {{IFAAMAS}},
  year         = {2012},
  url          = {http://dl.acm.org/citation.cfm?id=2343898},
  timestamp    = {Thu, 19 Mar 2015 00:00:00 +0100},
  biburl       = {https://dblp.org/rec/conf/aamas/SuetsuguMKI12.bib},
  bibsource    = {dblp computer science bibliography, https://dblp.org}
}

@inproceedings{DBLP:conf/aamas/ValRB12,
  author       = {Elena del Val Noguera and
                  Miguel Rebollo and
                  Vicente J. Botti},
  editor       = {Wiebe van der Hoek and
                  Lin Padgham and
                  Vincent Conitzer and
                  Michael Winikoff},
  title        = {Emergence of cooperation through structural changes and incentives
                  in service-oriented {MAS}},
  booktitle    = {International Conference on Autonomous Agents and Multiagent Systems,
                  {AAMAS} 2012, Valencia, Spain, June 4-8, 2012 {(3} Volumes)},
  pages        = {1355--1356},
  publisher    = {{IFAAMAS}},
  year         = {2012},
  url          = {http://dl.acm.org/citation.cfm?id=2344003},
  timestamp    = {Thu, 19 Mar 2015 00:00:00 +0100},
  biburl       = {https://dblp.org/rec/conf/aamas/ValRB12.bib},
  bibsource    = {dblp computer science bibliography, https://dblp.org}
}

@inproceedings{DBLP:conf/atal/MahmoudGKL12,
  author       = {Samhar Mahmoud and
                  Nathan Griffiths and
                  Jeroen Keppens and
                  Michael Luck},
  editor       = {Huib Aldewereld and
                  Jaime Sim{\~{a}}o Sichman},
  title        = {Norm Emergence through Dynamic Policy Adaptation in Scale Free Networks},
  booktitle    = {Coordination, Organizations, Institutions, and Norms in Agent Systems
                  {VIII} - 14th International Workshop, {COIN} 2012, Held Co-located
                  with {AAMAS} 2012, Valencia, Spain, June 5, 2012, Revised Selected
                  Papers},
  series       = {Lecture Notes in Computer Science},
  volume       = {7756},
  pages        = {123--140},
  publisher    = {Springer},
  year         = {2012},
  url          = {https://doi.org/10.1007/978-3-642-37756-3\_8},
  doi          = {10.1007/978-3-642-37756-3\_8},
  timestamp    = {Sat, 19 Oct 2019 01:00:00 +0200},
  biburl       = {https://dblp.org/rec/conf/atal/MahmoudGKL12.bib},
  bibsource    = {dblp computer science bibliography, https://dblp.org}
}

@inproceedings{DBLP:conf/atal/BrooksIS11,
  author       = {Logan Brooks and
                  Wayne Iba and
                  Sandip Sen},
  editor       = {Liz Sonenberg and
                  Peter Stone and
                  Kagan Tumer and
                  Pinar Yolum},
  title        = {Modeling the emergence of norms},
  booktitle    = {10th International Conference on Autonomous Agents and Multiagent
                  Systems {(AAMAS} 2011), Taipei, Taiwan, May 2-6, 2011, Volume 1-3},
  pages        = {1239--1240},
  publisher    = {{IFAAMAS}},
  year         = {2011},
  url          = {http://portal.acm.org/citation.cfm?id=2034505\&CFID=69154334\&CFTOKEN=45298625},
  timestamp    = {Tue, 19 Nov 2024 15:59:16 +0100},
  biburl       = {https://dblp.org/rec/conf/atal/BrooksIS11.bib},
  bibsource    = {dblp computer science bibliography, https://dblp.org}
}

@inproceedings{DBLP:conf/atal/MahmoudGKL11,
  author       = {Samhar Mahmoud and
                  Nathan Griffiths and
                  Jeroen Keppens and
                  Michael Luck},
  editor       = {Stephen Cranefield and
                  M. Birna van Riemsdijk and
                  Javier V{\'{a}}zquez{-}Salceda and
                  Pablo Noriega},
  title        = {Overcoming Omniscience for Norm Emergence in Axelrod's Metanorm Model},
  booktitle    = {Coordination, Organizations, Institutions, and Norms in Agent System
                  VII, {COIN} 2011 International Workshops, COIN@AAMAS 2011, Taipei,
                  Taiwan, May 3, 2011, COIN@WI-IAT 2011, Lyon, France, August 22, 2011,
                  Revised Selected Papers},
  series       = {Lecture Notes in Computer Science},
  pages        = {186--202},
  publisher    = {Springer},
  year         = {2011},
  url          = {https://doi.org/10.1007/978-3-642-35545-5\_11},
  doi          = {10.1007/978-3-642-35545-5\_11},
  timestamp    = {Thu, 14 Oct 2021 09:46:50 +0200},
  biburl       = {https://dblp.org/rec/conf/atal/MahmoudGKL11.bib},
  bibsource    = {dblp computer science bibliography, https://dblp.org}
}

@inproceedings{DBLP:conf/atal/Sugawara11,
  author       = {Toshiharu Sugawara},
  editor       = {Liz Sonenberg and
                  Peter Stone and
                  Kagan Tumer and
                  Pinar Yolum},
  title        = {Emergence of norms for social efficiency in partially iterative non-coordinated
                  games},
  booktitle    = {10th International Conference on Autonomous Agents and Multiagent
                  Systems {(AAMAS} 2011), Taipei, Taiwan, May 2-6, 2011, Volume 1-3},
  pages        = {1193--1194},
  publisher    = {{IFAAMAS}},
  year         = {2011},
  url          = {http://portal.acm.org/citation.cfm?id=2034483\&CFID=69154334\&CFTOKEN=45298625},
  timestamp    = {Fri, 18 Nov 2011 00:00:00 +0100},
  biburl       = {https://dblp.org/rec/conf/atal/Sugawara11.bib},
  bibsource    = {dblp computer science bibliography, https://dblp.org}
}

@inproceedings{DBLP:conf/atal/SwarupAF11,
  author       = {Samarth Swarup and
                  Andrea Apolloni and
                  Zsuzsanna Fagyal},
  editor       = {Liz Sonenberg and
                  Peter Stone and
                  Kagan Tumer and
                  Pinar Yolum},
  title        = {A model of norm emergence and innovation in language change},
  booktitle    = {10th International Conference on Autonomous Agents and Multiagent
                  Systems {(AAMAS} 2011), Taipei, Taiwan, May 2-6, 2011, Volume 1-3},
  pages        = {693--700},
  publisher    = {{IFAAMAS}},
  year         = {2011},
  url          = {http://portal.acm.org/citation.cfm?id=2031716\&CFID=54178199\&CFTOKEN=61392764},
  timestamp    = {Fri, 18 Nov 2011 00:00:00 +0100},
  biburl       = {https://dblp.org/rec/conf/atal/SwarupAF11.bib},
  bibsource    = {dblp computer science bibliography, https://dblp.org}
}

@inproceedings{DBLP:conf/atal/VillatoroSS11,
  author       = {Daniel Villatoro and
                  Jordi Sabater{-}Mir and
                  Sandip Sen},
  editor       = {Liz Sonenberg and
                  Peter Stone and
                  Kagan Tumer and
                  Pinar Yolum},
  title        = {Social instruments for convention emergence},
  booktitle    = {10th International Conference on Autonomous Agents and Multiagent
                  Systems {(AAMAS} 2011), Taipei, Taiwan, May 2-6, 2011, Volume 1-3},
  pages        = {1161--1162},
  publisher    = {{IFAAMAS}},
  year         = {2011},
  url          = {http://portal.acm.org/citation.cfm?id=2034467\&CFID=69154334\&CFTOKEN=45298625},
  timestamp    = {Fri, 18 Nov 2011 00:00:00 +0100},
  biburl       = {https://dblp.org/rec/conf/atal/VillatoroSS11.bib},
  bibsource    = {dblp computer science bibliography, https://dblp.org}
}

@inproceedings{DBLP:conf/atal/GattiLMOL10,
  author       = {Ma{\'{\i}}ra A. de C. Gatti and
                  Carlos Jos{\'{e}} Pereira de Lucena and
                  Simon Miles and
                  Nir Oren and
                  Michael Luck},
  editor       = {Wiebe van der Hoek and
                  Gal A. Kaminka and
                  Yves Lesp{\'{e}}rance and
                  Michael Luck and
                  Sandip Sen},
  title        = {A simulation approach to design contracts that govern emergent multi-agent
                  systems},
  booktitle    = {9th International Conference on Autonomous Agents and Multiagent Systems
                  {(AAMAS} 2010), Toronto, Canada, May 10-14, 2010, Volume 1-3},
  pages        = {1541--1542},
  publisher    = {{IFAAMAS}},
  year         = {2010},
  url          = {https://dl.acm.org/citation.cfm?id=1838471},
  timestamp    = {Fri, 30 Nov 2018 00:00:00 +0100},
  biburl       = {https://dblp.org/rec/conf/atal/GattiLMOL10.bib},
  bibsource    = {dblp computer science bibliography, https://dblp.org}
}

@inproceedings{DBLP:conf/atal/GriffithsL10a,
  author       = {Nathan Griffiths and
                  Michael Luck},
  editor       = {Marina De Vos and
                  Nicoletta Fornara and
                  Jeremy V. Pitt and
                  George A. Vouros},
  title        = {Norm Diversity and Emergence in Tag-Based Cooperation},
  booktitle    = {Coordination, Organizations, Institutions, and Norms in Agent Systems
                  {VI} - {COIN} 2010 International Workshops, COIN@AAMAS 2010, Toronto,
                  Canada, May 2010, COIN@MALLOW 2010, Lyon, France, August 2010, Revised
                  Selected Papers},
  series       = {Lecture Notes in Computer Science},
  volume       = {6541},
  pages        = {230--249},
  publisher    = {Springer},
  year         = {2010},
  url          = {https://doi.org/10.1007/978-3-642-21268-0\_13},
  doi          = {10.1007/978-3-642-21268-0\_13},
  timestamp    = {Sun, 12 Nov 2023 02:14:52 +0100},
  biburl       = {https://dblp.org/rec/conf/atal/GriffithsL10a.bib},
  bibsource    = {dblp computer science bibliography, https://dblp.org}
}

@inproceedings{DBLP:conf/atal/SalazarRA10,
  author       = {Norman Salazar and
                  Juan A. Rodr{\'{\i}}guez{-}Aguilar and
                  Josep Llu{\'{\i}}s Arcos},
  editor       = {Wiebe van der Hoek and
                  Gal A. Kaminka and
                  Yves Lesp{\'{e}}rance and
                  Michael Luck and
                  Sandip Sen},
  title        = {Convention emergence through spreading mechanisms},
  booktitle    = {9th International Conference on Autonomous Agents and Multiagent Systems
                  {(AAMAS} 2010), Toronto, Canada, May 10-14, 2010, Volume 1-3},
  pages        = {1431--1432},
  publisher    = {{IFAAMAS}},
  year         = {2010},
  url          = {https://dl.acm.org/citation.cfm?id=1838417},
  timestamp    = {Fri, 30 Nov 2018 00:00:00 +0100},
  biburl       = {https://dblp.org/rec/conf/atal/SalazarRA10.bib},
  bibsource    = {dblp computer science bibliography, https://dblp.org}
}

@inproceedings{DBLP:conf/atal/CampbellW09,
  author       = {Adam Campbell and
                  Annie S. Wu},
  editor       = {Carles Sierra and
                  Cristiano Castelfranchi and
                  Keith S. Decker and
                  Jaime Sim{\~{a}}o Sichman},
  title        = {On the significance of synchroneity in emergent systems},
  booktitle    = {8th International Conference on Autonomous Agents and Multiagent Systems
                  {(AAMAS} 2009), Budapest, Hungary, May 10-15, 2009, Volume 1},
  pages        = {449--456},
  publisher    = {{IFAAMAS}},
  year         = {2009},
  url          = {https://dl.acm.org/citation.cfm?id=1558075},
  timestamp    = {Tue, 05 Nov 2024 14:15:47 +0100},
  biburl       = {https://dblp.org/rec/conf/atal/CampbellW09.bib},
  bibsource    = {dblp computer science bibliography, https://dblp.org}
}

@inproceedings{DBLP:conf/atal/JacynoBLP09,
  author       = {Mariusz Jacyno and
                  Seth Bullock and
                  Michael Luck and
                  Terry R. Payne},
  editor       = {Carles Sierra and
                  Cristiano Castelfranchi and
                  Keith S. Decker and
                  Jaime Sim{\~{a}}o Sichman},
  title        = {Emergent service provisioning and demand estimation through self-organizing
                  agent communities},
  booktitle    = {8th International Conference on Autonomous Agents and Multiagent Systems
                  {(AAMAS} 2009), Budapest, Hungary, May 10-15, 2009, Volume 1},
  pages        = {481--488},
  publisher    = {{IFAAMAS}},
  year         = {2009},
  url          = {https://dl.acm.org/citation.cfm?id=1558079},
  timestamp    = {Fri, 30 Nov 2018 00:00:00 +0100},
  biburl       = {https://dblp.org/rec/conf/atal/JacynoBLP09.bib},
  bibsource    = {dblp computer science bibliography, https://dblp.org}
}

@inproceedings{DBLP:conf/atal/SenS09,
  author       = {Onkur Sen and
                  Sandip Sen},
  editor       = {Julian A. Padget and
                  Alexander Artikis and
                  Wamberto Weber Vasconcelos and
                  Kostas Stathis and
                  Viviane Torres da Silva and
                  Eric T. Matson and
                  Axel Polleres},
  title        = {Effects of Social Network Topology and Options on Norm Emergence},
  booktitle    = {Coordination, Organizations, Institutions and Norms in Agent Systems
                  V, {COIN} 2009 International Workshops. COIN@AAMAS 2009, Budapest,
                  Hungary, May 2009, COIN@IJCAI 2009, Pasadena, USA, July 2009, COIN@MALLOW
                  2009, Turin, Italy, September 2009. Revised Selected Papers},
  series       = {Lecture Notes in Computer Science},
  volume       = {6069},
  pages        = {211--222},
  publisher    = {Springer},
  year         = {2009},
  url          = {https://doi.org/10.1007/978-3-642-14962-7\_14},
  doi          = {10.1007/978-3-642-14962-7\_14},
  timestamp    = {Sun, 04 Aug 2024 19:42:37 +0200},
  biburl       = {https://dblp.org/rec/conf/atal/SenS09.bib},
  bibsource    = {dblp computer science bibliography, https://dblp.org}
}

@inproceedings{DBLP:conf/atal/BazzanDB08,
  author       = {Ana L. C. Bazzan and
                  Silvio R. Dahmen and
                  Alexandre Tavares Baraviera},
  editor       = {Lin Padgham and
                  David C. Parkes and
                  J{\"{o}}rg P. M{\"{u}}ller and
                  Simon Parsons},
  title        = {Simulating the effects of sanctioning for the emergence of cooperation
                  in a public goods game},
  booktitle    = {7th International Joint Conference on Autonomous Agents and Multiagent
                  Systems {(AAMAS} 2008), Estoril, Portugal, May 12-16, 2008, Volume
                  3},
  pages        = {1473--1476},
  publisher    = {{IFAAMAS}},
  year         = {2008},
  url          = {https://dl.acm.org/citation.cfm?id=1402902},
  timestamp    = {Fri, 30 Nov 2018 00:00:00 +0100},
  biburl       = {https://dblp.org/rec/conf/atal/BazzanDB08.bib},
  bibsource    = {dblp computer science bibliography, https://dblp.org}
}

@inproceedings{DBLP:conf/atal/CarpenterMS08,
  author       = {Martin Carpenter and
                  Nikolay Mehandjiev and
                  Iain Duncan Stalker},
  editor       = {Klaus Fischer and
                  J{\"{o}}rg P. M{\"{u}}ller and
                  James Odell and
                  Arne{-}J{\o}rgen Berre},
  title        = {Emergent Process Interoperability within Virtual Organisations},
  booktitle    = {Agent-Based Technologies and Applications for Enterprise Interoperability
                  - International Workshops, ATOP@AAMAS 2005, Utrecht, The Netherlands,
                  July 25-26, 2005, and ATOP@AAMAS 2008, Estoril, Portugal, May 12-13,
                  2008, Revised Selected Papers},
  series       = {Lecture Notes in Business Information Processing},
  volume       = {25},
  pages        = {63--79},
  publisher    = {Springer},
  year         = {2008},
  url          = {https://doi.org/10.1007/978-3-642-01668-4\_4},
  doi          = {10.1007/978-3-642-01668-4\_4},
  timestamp    = {Mon, 01 Mar 2021 09:09:25 +0100},
  biburl       = {https://dblp.org/rec/conf/atal/CarpenterMS08.bib},
  bibsource    = {dblp computer science bibliography, https://dblp.org}
}

@inproceedings{DBLP:conf/atal/MukherjeeSA08,
  author       = {Partha Mukherjee and
                  Sandip Sen and
                  St{\'{e}}phane Airiau},
  editor       = {Lin Padgham and
                  David C. Parkes and
                  J{\"{o}}rg P. M{\"{u}}ller and
                  Simon Parsons},
  title        = {Norm emergence under constrained interactions in diverse societies},
  booktitle    = {7th International Joint Conference on Autonomous Agents and Multiagent
                  Systems {(AAMAS} 2008), Estoril, Portugal, May 12-16, 2008, Volume
                  2},
  pages        = {779--786},
  publisher    = {{IFAAMAS}},
  year         = {2008},
  url          = {https://dl.acm.org/citation.cfm?id=1402332},
  timestamp    = {Fri, 30 Nov 2018 00:00:00 +0100},
  biburl       = {https://dblp.org/rec/conf/atal/MukherjeeSA08.bib},
  bibsource    = {dblp computer science bibliography, https://dblp.org}
}

@inproceedings{DBLP:conf/atal/SavarimuthuPP08,
  author       = {Bastin Tony Roy Savarimuthu and
                  Maryam Purvis and
                  Martin K. Purvis},
  editor       = {Lin Padgham and
                  David C. Parkes and
                  J{\"{o}}rg P. M{\"{u}}ller and
                  Simon Parsons},
  title        = {Social norm emergence in virtual agent societies},
  booktitle    = {7th International Joint Conference on Autonomous Agents and Multiagent
                  Systems {(AAMAS} 2008), Estoril, Portugal, May 12-16, 2008, Volume
                  3},
  pages        = {1521--1524},
  publisher    = {{IFAAMAS}},
  year         = {2008},
  url          = {https://dl.acm.org/citation.cfm?id=1402914},
  timestamp    = {Fri, 30 Nov 2018 00:00:00 +0100},
  biburl       = {https://dblp.org/rec/conf/atal/SavarimuthuPP08.bib},
  bibsource    = {dblp computer science bibliography, https://dblp.org}
}

@inproceedings{DBLP:conf/atal/UrbanoBAM08,
  author       = {Paulo Urbano and
                  Jo{\~{a}}o Balsa and
                  Luis Antunes and
                  Lu{\'{\i}}s Moniz},
  editor       = {Jomi Fred H{\"{u}}bner and
                  Eric T. Matson and
                  Olivier Boissier and
                  Virginia Dignum},
  title        = {Force Versus Majority: {A} Comparison in Convention Emergence Efficiency},
  booktitle    = {Coordination, Organizations, Institutions and Norms in Agent Systems
                  IV, {COIN} 2008 International Workshops, COIN@AAMAS 2008, Estoril,
                  Portugal, May 12, 2008. COIN@AAAI 2008, Chicago, USA, July 14, 2008.
                  Revised Selected Papers},
  series       = {Lecture Notes in Computer Science},
  volume       = {5428},
  pages        = {48--63},
  publisher    = {Springer},
  year         = {2008},
  url          = {https://doi.org/10.1007/978-3-642-00443-8\_4},
  doi          = {10.1007/978-3-642-00443-8\_4},
  timestamp    = {Thu, 28 Nov 2019 10:44:00 +0100},
  biburl       = {https://dblp.org/rec/conf/atal/UrbanoBAM08.bib},
  bibsource    = {dblp computer science bibliography, https://dblp.org}
}

@inproceedings{DBLP:conf/atal/SavarimuthuP07,
  author       = {Bastin Tony Roy Savarimuthu and
                  Maryam Purvis and
                  Stephen Cranefield and
                  Martin K. Purvis},
  editor       = {Edmund H. Durfee and
                  Makoto Yokoo and
                  Michael N. Huhns and
                  Onn Shehory},
  title        = {Mechanisms for norm emergence in multiagent societies},
  booktitle    = {6th International Joint Conference on Autonomous Agents and Multiagent
                  Systems {(AAMAS} 2007), Honolulu, Hawaii, USA, May 14-18, 2007},
  pages        = {173},
  publisher    = {{IFAAMAS}},
  year         = {2007},
  url          = {https://doi.org/10.1145/1329125.1329335},
  doi          = {10.1145/1329125.1329335},
  timestamp    = {Tue, 06 Nov 2018 00:00:00 +0100},
  biburl       = {https://dblp.org/rec/conf/atal/SavarimuthuP07.bib},
  bibsource    = {dblp computer science bibliography, https://dblp.org}
}

@inproceedings{DBLP:conf/atal/ShinodaMN07,
  author       = {Kousuke Shinoda and
                  Yutaka Matsuo and
                  Hideyuki Nakashima},
  editor       = {Edmund H. Durfee and
                  Makoto Yokoo and
                  Michael N. Huhns and
                  Onn Shehory},
  title        = {Emergence of global network property based on multi-agent voting model},
  booktitle    = {6th International Joint Conference on Autonomous Agents and Multiagent
                  Systems {(AAMAS} 2007), Honolulu, Hawaii, USA, May 14-18, 2007},
  pages        = {17},
  publisher    = {{IFAAMAS}},
  year         = {2007},
  url          = {https://doi.org/10.1145/1329125.1329146},
  doi          = {10.1145/1329125.1329146},
  timestamp    = {Tue, 06 Nov 2018 00:00:00 +0100},
  biburl       = {https://dblp.org/rec/conf/atal/ShinodaMN07.bib},
  bibsource    = {dblp computer science bibliography, https://dblp.org}
}

@inproceedings{DBLP:conf/atal/Yadgar07,
  author       = {Osher Yadgar},
  editor       = {Edmund H. Durfee and
                  Makoto Yokoo and
                  Michael N. Huhns and
                  Onn Shehory},
  title        = {Emergent ad hoc sensor network connectivity in large-scale disaster
                  zones},
  booktitle    = {6th International Joint Conference on Autonomous Agents and Multiagent
                  Systems {(AAMAS} 2007), Honolulu, Hawaii, USA, May 14-18, 2007},
  pages        = {269},
  publisher    = {{IFAAMAS}},
  year         = {2007},
  url          = {https://doi.org/10.1145/1329125.1329450},
  doi          = {10.1145/1329125.1329450},
  timestamp    = {Tue, 06 Nov 2018 00:00:00 +0100},
  biburl       = {https://dblp.org/rec/conf/atal/Yadgar07.bib},
  bibsource    = {dblp computer science bibliography, https://dblp.org}
}

@inproceedings{DBLP:conf/atal/Asada06,
  author       = {Minoru Asada},
  editor       = {Hideyuki Nakashima and
                  Michael P. Wellman and
                  Gerhard Weiss and
                  Peter Stone},
  title        = {Towards emergence of communication: a cognitive developmental robotics
                  approach},
  booktitle    = {5th International Joint Conference on Autonomous Agents and Multiagent
                  Systems {(AAMAS} 2006), Hakodate, Japan, May 8-12, 2006},
  pages        = {3--9},
  publisher    = {{ACM}},
  year         = {2006},
  url          = {https://doi.org/10.1145/1160633.1160937},
  doi          = {10.1145/1160633.1160937},
  timestamp    = {Tue, 19 Nov 2024 15:59:16 +0100},
  biburl       = {https://dblp.org/rec/conf/atal/Asada06.bib},
  bibsource    = {dblp computer science bibliography, https://dblp.org}
}

@inproceedings{DBLP:conf/atal/MassaguerBMV06,
  author       = {Daniel Massaguer and
                  Vidhya Balasubramanian and
                  Sharad Mehrotra and
                  Nalini Venkatasubramanian},
  editor       = {Hideyuki Nakashima and
                  Michael P. Wellman and
                  Gerhard Weiss and
                  Peter Stone},
  title        = {Synthetic humans in emergency response drills},
  booktitle    = {5th International Joint Conference on Autonomous Agents and Multiagent
                  Systems {(AAMAS} 2006), Hakodate, Japan, May 8-12, 2006},
  pages        = {1469--1470},
  publisher    = {{ACM}},
  year         = {2006},
  url          = {https://doi.org/10.1145/1160633.1160919},
  doi          = {10.1145/1160633.1160919},
  timestamp    = {Tue, 06 Nov 2018 00:00:00 +0100},
  biburl       = {https://dblp.org/rec/conf/atal/MassaguerBMV06.bib},
  bibsource    = {dblp computer science bibliography, https://dblp.org}
}

@inproceedings{DBLP:conf/atal/SchlegelBK06,
  author       = {Tino Schlegel and
                  Peter Braun and
                  Ryszard Kowalczyk},
  editor       = {Hideyuki Nakashima and
                  Michael P. Wellman and
                  Gerhard Weiss and
                  Peter Stone},
  title        = {Towards autonomous mobile agents with emergent migration behaviour},
  booktitle    = {5th International Joint Conference on Autonomous Agents and Multiagent
                  Systems {(AAMAS} 2006), Hakodate, Japan, May 8-12, 2006},
  pages        = {585--592},
  publisher    = {{ACM}},
  year         = {2006},
  url          = {https://doi.org/10.1145/1160633.1160739},
  doi          = {10.1145/1160633.1160739},
  timestamp    = {Tue, 06 Nov 2018 00:00:00 +0100},
  biburl       = {https://dblp.org/rec/conf/atal/SchlegelBK06.bib},
  bibsource    = {dblp computer science bibliography, https://dblp.org}
}

@inproceedings{DBLP:conf/atal/SwarupLG06,
  author       = {Samarth Swarup and
                  Kiran Lakkaraju and
                  Les Gasser},
  editor       = {Hideyuki Nakashima and
                  Michael P. Wellman and
                  Gerhard Weiss and
                  Peter Stone},
  title        = {Learning a common language through an emergent interaction topology},
  booktitle    = {5th International Joint Conference on Autonomous Agents and Multiagent
                  Systems {(AAMAS} 2006), Hakodate, Japan, May 8-12, 2006},
  pages        = {1381--1383},
  publisher    = {{ACM}},
  year         = {2006},
  url          = {https://doi.org/10.1145/1160633.1160891},
  doi          = {10.1145/1160633.1160891},
  timestamp    = {Tue, 06 Nov 2018 00:00:00 +0100},
  biburl       = {https://dblp.org/rec/conf/atal/SwarupLG06.bib},
  bibsource    = {dblp computer science bibliography, https://dblp.org}
}

@inproceedings{DBLP:conf/atal/Yamins06,
  author       = {Daniel Yamins},
  editor       = {Hideyuki Nakashima and
                  Michael P. Wellman and
                  Gerhard Weiss and
                  Peter Stone},
  title        = {The emergence of global properties from local interactions: static
                  properties and one-dimensional patterns},
  booktitle    = {5th International Joint Conference on Autonomous Agents and Multiagent
                  Systems {(AAMAS} 2006), Hakodate, Japan, May 8-12, 2006},
  pages        = {1122--1124},
  publisher    = {{ACM}},
  year         = {2006},
  url          = {https://doi.org/10.1145/1160633.1160837},
  doi          = {10.1145/1160633.1160837},
  timestamp    = {Tue, 06 Nov 2018 00:00:00 +0100},
  biburl       = {https://dblp.org/rec/conf/atal/Yamins06.bib},
  bibsource    = {dblp computer science bibliography, https://dblp.org}
}

@inproceedings{DBLP:conf/atal/Debenham05,
  author       = {John K. Debenham},
  editor       = {Frank Dignum and
                  Virginia Dignum and
                  Sven Koenig and
                  Sarit Kraus and
                  Munindar P. Singh and
                  Michael J. Wooldridge},
  title        = {A multiagent system manages collaboration in emergent processes},
  booktitle    = {4th International Joint Conference on Autonomous Agents and Multiagent
                  Systems {(AAMAS} 2005), July 25-29, 2005, Utrecht, The Netherlands},
  pages        = {175--182},
  publisher    = {{ACM}},
  year         = {2005},
  url          = {https://doi.org/10.1145/1082473.1082500},
  doi          = {10.1145/1082473.1082500},
  timestamp    = {Fri, 26 Apr 2019 14:26:42 +0200},
  biburl       = {https://dblp.org/rec/conf/atal/Debenham05.bib},
  bibsource    = {dblp computer science bibliography, https://dblp.org}
}

@inproceedings{DBLP:conf/atal/GeorgeG05,
  author       = {Jean{-}Pierre Georg{\'{e}} and
                  Marie{-}Pierre Gleizes},
  editor       = {Frank Dignum and
                  Virginia Dignum and
                  Sven Koenig and
                  Sarit Kraus and
                  Munindar P. Singh and
                  Michael J. Wooldridge},
  title        = {Emergent programming feasibility study using self-organizing instruction-agents},
  booktitle    = {4th International Joint Conference on Autonomous Agents and Multiagent
                  Systems {(AAMAS} 2005), July 25-29, 2005, Utrecht, The Netherlands},
  pages        = {1139--1140},
  publisher    = {{ACM}},
  year         = {2005},
  url          = {https://doi.org/10.1145/1082473.1082662},
  doi          = {10.1145/1082473.1082662},
  timestamp    = {Mon, 07 Oct 2019 01:00:00 +0200},
  biburl       = {https://dblp.org/rec/conf/atal/GeorgeG05.bib},
  bibsource    = {dblp computer science bibliography, https://dblp.org}
}

@inproceedings{DBLP:conf/atal/GuyotDL05,
  author       = {Paul Guyot and
                  Alexis Drogoul and
                  Christian Lema{\^{\i}}tre},
  editor       = {Frank Dignum and
                  Virginia Dignum and
                  Sven Koenig and
                  Sarit Kraus and
                  Munindar P. Singh and
                  Michael J. Wooldridge},
  title        = {Using emergence in participatory simulations to design multi-agent
                  systems},
  booktitle    = {4th International Joint Conference on Autonomous Agents and Multiagent
                  Systems {(AAMAS} 2005), July 25-29, 2005, Utrecht, The Netherlands},
  pages        = {199--203},
  publisher    = {{ACM}},
  year         = {2005},
  url          = {https://doi.org/10.1145/1082473.1082503},
  doi          = {10.1145/1082473.1082503},
  timestamp    = {Tue, 06 Nov 2018 00:00:00 +0100},
  biburl       = {https://dblp.org/rec/conf/atal/GuyotDL05.bib},
  bibsource    = {dblp computer science bibliography, https://dblp.org}
}

@inproceedings{DBLP:conf/atal/AkkermansSK04,
  author       = {Hans Akkermans and
                  Jos Schreinemakers and
                  Koen Kok},
  title        = {Emergence of Control in a Large-Scale Society of Economic Physical
                  Agents},
  booktitle    = {3rd International Joint Conference on Autonomous Agents and Multiagent
                  Systems {(AAMAS} 2004), 19-23 August 2004, New York, NY, {USA}},
  pages        = {1232--1234},
  publisher    = {{IEEE} Computer Society},
  year         = {2004},
  url          = {https://doi.ieeecomputersociety.org/10.1109/AAMAS.2004.10274},
  doi          = {10.1109/AAMAS.2004.10274},
  timestamp    = {Fri, 24 Mar 2023 00:00:00 +0100},
  biburl       = {https://dblp.org/rec/conf/atal/AkkermansSK04.bib},
  bibsource    = {dblp computer science bibliography, https://dblp.org}
}

@inproceedings{DBLP:conf/atal/HelsingerKB04,
  author       = {Aaron Helsinger and
                  Karl Kleinmann and
                  Marshall Brinn},
  title        = {Framework to Control Emergent Survivability of Multi Agent Systems},
  booktitle    = {3rd International Joint Conference on Autonomous Agents and Multiagent
                  Systems {(AAMAS} 2004), 19-23 August 2004, New York, NY, {USA}},
  pages        = {28--35},
  publisher    = {{IEEE} Computer Society},
  year         = {2004},
  url          = {https://doi.ieeecomputersociety.org/10.1109/AAMAS.2004.10037},
  doi          = {10.1109/AAMAS.2004.10037},
  timestamp    = {Fri, 24 Mar 2023 00:00:00 +0100},
  biburl       = {https://dblp.org/rec/conf/atal/HelsingerKB04.bib},
  bibsource    = {dblp computer science bibliography, https://dblp.org}
}

@inproceedings{DBLP:conf/atal/BruecknerP03,
  author       = {Sven Brueckner and
                  H. Van Dyke Parunak},
  title        = {Resource-aware exploration of the emergent dynamics of simulated systems},
  booktitle    = {The Second International Joint Conference on Autonomous Agents {\&}
                  Multiagent Systems, {AAMAS} 2003, July 14-18, 2003, Melbourne, Victoria,
                  Australia, Proceedings},
  pages        = {781--788},
  publisher    = {{ACM}},
  year         = {2003},
  url          = {https://doi.org/10.1145/860575.860701},
  doi          = {10.1145/860575.860701},
  timestamp    = {Tue, 06 Nov 2018 00:00:00 +0100},
  biburl       = {https://dblp.org/rec/conf/atal/BruecknerP03.bib},
  bibsource    = {dblp computer science bibliography, https://dblp.org}
}

@inproceedings{DBLP:conf/atal/HenningerJC03,
  author       = {Amy E. Henninger and
                  Randolph M. Jones and
                  Eric Chown},
  title        = {Behaviors that emerge from emotion and cognition: implementation and
                  evaluation of a symbolic-connectionist architecture},
  booktitle    = {The Second International Joint Conference on Autonomous Agents {\&}
                  Multiagent Systems, {AAMAS} 2003, July 14-18, 2003, Melbourne, Victoria,
                  Australia, Proceedings},
  pages        = {321--328},
  publisher    = {{ACM}},
  year         = {2003},
  url          = {https://doi.org/10.1145/860575.860627},
  doi          = {10.1145/860575.860627},
  timestamp    = {Tue, 06 Nov 2018 00:00:00 +0100},
  biburl       = {https://dblp.org/rec/conf/atal/HenningerJC03.bib},
  bibsource    = {dblp computer science bibliography, https://dblp.org}
}

@inproceedings{DBLP:conf/atal/MooreW03,
  author       = {Dana Moore and
                  William Wright},
  title        = {Emergent behaviours considered harmful},
  booktitle    = {The Second International Joint Conference on Autonomous Agents {\&}
                  Multiagent Systems, {AAMAS} 2003, July 14-18, 2003, Melbourne, Victoria,
                  Australia, Proceedings},
  pages        = {1070--1071},
  publisher    = {{ACM}},
  year         = {2003},
  url          = {https://doi.org/10.1145/860575.860800},
  doi          = {10.1145/860575.860800},
  timestamp    = {Tue, 06 Nov 2018 00:00:00 +0100},
  biburl       = {https://dblp.org/rec/conf/atal/MooreW03.bib},
  bibsource    = {dblp computer science bibliography, https://dblp.org}
}

@inproceedings{DBLP:conf/atal/YolumS03,
  author       = {Pinar Yolum and
                  Munindar P. Singh},
  title        = {Emergent properties of referral systems},
  booktitle    = {The Second International Joint Conference on Autonomous Agents {\&}
                  Multiagent Systems, {AAMAS} 2003, July 14-18, 2003, Melbourne, Victoria,
                  Australia, Proceedings},
  pages        = {592--599},
  publisher    = {{ACM}},
  year         = {2003},
  url          = {https://doi.org/10.1145/860575.860670},
  doi          = {10.1145/860575.860670},
  timestamp    = {Tue, 06 Nov 2018 00:00:00 +0100},
  biburl       = {https://dblp.org/rec/conf/atal/YolumS03.bib},
  bibsource    = {dblp computer science bibliography, https://dblp.org}
}

@inproceedings{DBLP:conf/atal/DuttaS02a,
  author       = {Partha Sarathi Dutta and
                  Sandip Sen},
  title        = {Emergence of stable coalitions via task exchanges},
  booktitle    = {The First International Joint Conference on Autonomous Agents {\&}
                  Multiagent Systems, {AAMAS} 2002, July 15-19, 2002, Bologna, Italy,
                  Proceedings},
  pages        = {312--313},
  publisher    = {{ACM}},
  year         = {2002},
  url          = {https://doi.org/10.1145/544741.544815},
  doi          = {10.1145/544741.544815},
  timestamp    = {Mon, 03 Mar 2025 00:00:00 +0100},
  biburl       = {https://dblp.org/rec/conf/atal/DuttaS02a.bib},
  bibsource    = {dblp computer science bibliography, https://dblp.org}
}

@inproceedings{DBLP:conf/atal/LiuZY02,
  author       = {Jiming Liu and
                  Shiwu Zhang and
                  Yiming Ye},
  title        = {Understanding emergent web regularities with information foraging
                  agents},
  booktitle    = {The First International Joint Conference on Autonomous Agents {\&}
                  Multiagent Systems, {AAMAS} 2002, July 15-19, 2002, Bologna, Italy,
                  Proceedings},
  pages        = {457--458},
  publisher    = {{ACM}},
  year         = {2002},
  url          = {https://doi.org/10.1145/544741.544847},
  doi          = {10.1145/544741.544847},
  timestamp    = {Tue, 06 Nov 2018 00:00:00 +0100},
  biburl       = {https://dblp.org/rec/conf/atal/LiuZY02.bib},
  bibsource    = {dblp computer science bibliography, https://dblp.org}
}

@inproceedings{DBLP:conf/atal/YuS02,
  author       = {Bin Yu and
                  Munindar P. Singh},
  title        = {Emergence of agent-based referral networks},
  booktitle    = {The First International Joint Conference on Autonomous Agents {\&}
                  Multiagent Systems, {AAMAS} 2002, July 15-19, 2002, Bologna, Italy,
                  Proceedings},
  pages        = {1268--1269},
  publisher    = {{ACM}},
  year         = {2002},
  url          = {https://doi.org/10.1145/545056.545113},
  doi          = {10.1145/545056.545113},
  timestamp    = {Sat, 26 Dec 2020 00:00:00 +0100},
  biburl       = {https://dblp.org/rec/conf/atal/YuS02.bib},
  bibsource    = {dblp computer science bibliography, https://dblp.org}
}

