@inproceedings{DBLP:conf/ifaamas/MattsonRVNDB25,
  author       = {Connor Mattson and
                  Varun Raveendra and
                  Ricardo Vega and
                  Cameron Nowzari and
                  Daniel S. Drew and
                  Daniel S. Brown},
  editor       = {Sanmay Das and
                  Ann Now{\'{e}} and
                  Yevgeniy Vorobeychik},
  title        = {Discovery and Deployment of Emergent Robot Swarm Behaviors via Representation
                  Learning and Real2Sim2Real Transfer},
  booktitle    = {Proceedings of the 24th International Conference on Autonomous Agents
                  and Multiagent Systems, {AAMAS} 2025, Detroit, MI, USA, May 19-23,
                  2025},
  pages        = {1473--1482},
  publisher    = {International Foundation for Autonomous Agents and Multiagent Systems
                  / {ACM}},
  year         = {2025},
  url          = {https://dl.acm.org/doi/10.5555/3709347.3743781},
  doi          = {10.5555/3709347.3743781},
  timestamp    = {Tue, 29 Jul 2025 14:24:35 +0200},
  biburl       = {https://dblp.org/rec/conf/ifaamas/MattsonRVNDB25.bib},
  bibsource    = {dblp computer science bibliography, https://dblp.org}
}

@inproceedings{DBLP:conf/atal/CarminatiAVA24,
  author       = {Alessandro Carminati and
                  Davide Azzalini and
                  Simone Vantini and
                  Francesco Amigoni},
  editor       = {Mehdi Dastani and
                  Jaime Sim{\~{a}}o Sichman and
                  Natasha Alechina and
                  Virginia Dignum},
  title        = {A Distributed Approach for Fault Detection in Swarms of Robots},
  booktitle    = {Proceedings of the 23rd International Conference on Autonomous Agents
                  and Multiagent Systems, {AAMAS} 2024, Auckland, New Zealand, May 6-10,
                  2024},
  pages        = {253--261},
  publisher    = {International Foundation for Autonomous Agents and Multiagent Systems
                  / {ACM}},
  year         = {2024},
  url          = {https://dl.acm.org/doi/10.5555/3635637.3662873},
  doi          = {10.5555/3635637.3662873},
  timestamp    = {Wed, 26 Jun 2024 14:06:50 +0200},
  biburl       = {https://dblp.org/rec/conf/atal/CarminatiAVA24.bib},
  bibsource    = {dblp computer science bibliography, https://dblp.org}
}

@inproceedings{DBLP:conf/atal/CaiHL23,
  author       = {Grace Cai and
                  Noble C. Harasha and
                  Nancy A. Lynch},
  editor       = {Noa Agmon and
                  Bo An and
                  Alessandro Ricci and
                  William Yeoh},
  title        = {A Comparison of New Swarm Task Allocation Algorithms in Unknown Environments
                  with Varying Task Density},
  booktitle    = {Proceedings of the 2023 International Conference on Autonomous Agents
                  and Multiagent Systems, {AAMAS} 2023, London, United Kingdom, 29 May
                  2023 - 2 June 2023},
  pages        = {525--533},
  publisher    = {{ACM}},
  year         = {2023},
  url          = {https://dl.acm.org/doi/10.5555/3545946.3598680},
  doi          = {10.5555/3545946.3598680},
  timestamp    = {Thu, 27 Feb 2025 00:00:00 +0100},
  biburl       = {https://dblp.org/rec/conf/atal/CaiHL23.bib},
  bibsource    = {dblp computer science bibliography, https://dblp.org}
}

@inproceedings{DBLP:conf/atal/HuntRARS23,
  author       = {William Hunt and
                  Jack Ryan and
                  Ayodeji Opeyemi Abioye and
                  Sarvapali D. Ramchurn and
                  Mohammad Divband Soorati},
  editor       = {Noa Agmon and
                  Bo An and
                  Alessandro Ricci and
                  William Yeoh},
  title        = {Demonstrating Performance Benefits of Human-Swarm Teaming},
  booktitle    = {Proceedings of the 2023 International Conference on Autonomous Agents
                  and Multiagent Systems, {AAMAS} 2023, London, United Kingdom, 29 May
                  2023 - 2 June 2023},
  pages        = {3062--3064},
  publisher    = {{ACM}},
  year         = {2023},
  url          = {https://dl.acm.org/doi/10.5555/3545946.3599173},
  doi          = {10.5555/3545946.3599173},
  timestamp    = {Tue, 23 May 2023 01:00:00 +0200},
  biburl       = {https://dblp.org/rec/conf/atal/HuntRARS23.bib},
  bibsource    = {dblp computer science bibliography, https://dblp.org}
}

@inproceedings{DBLP:conf/atal/WardegaHTN023,
  author       = {Kacper Wardega and
                  Max von Hippel and
                  Roberto Tron and
                  Cristina Nita{-}Rotaru and
                  Wenchao Li},
  editor       = {Noa Agmon and
                  Bo An and
                  Alessandro Ricci and
                  William Yeoh},
  title        = {Byzantine Resilience at Swarm Scale: {A} Decentralized Blocklist Protocol
                  from Inter-robot Accusations},
  booktitle    = {Proceedings of the 2023 International Conference on Autonomous Agents
                  and Multiagent Systems, {AAMAS} 2023, London, United Kingdom, 29 May
                  2023 - 2 June 2023},
  pages        = {1430--1438},
  publisher    = {{ACM}},
  year         = {2023},
  url          = {https://dl.acm.org/doi/10.5555/3545946.3598795},
  doi          = {10.5555/3545946.3598795},
  timestamp    = {Tue, 23 May 2023 01:00:00 +0200},
  biburl       = {https://dblp.org/rec/conf/atal/WardegaHTN023.bib},
  bibsource    = {dblp computer science bibliography, https://dblp.org}
}

@inproceedings{DBLP:conf/atal/ArseneaultVB22,
  author       = {Samuel Arseneault and
                  David Vielfaure and
                  Giovanni Beltrame},
  editor       = {Piotr Faliszewski and
                  Viviana Mascardi and
                  Catherine Pelachaud and
                  Matthew E. Taylor},
  title        = {{RASS:} Risk-Aware Swarm Storage},
  booktitle    = {21st International Conference on Autonomous Agents and Multiagent
                  Systems, {AAMAS} 2022, Auckland, New Zealand, May 9-13, 2022},
  pages        = {1521--1523},
  publisher    = {International Foundation for Autonomous Agents and Multiagent Systems
                  {(IFAAMAS)}},
  year         = {2022},
  url          = {https://www.ifaamas.org/Proceedings/aamas2022/pdfs/p1521.pdf},
  doi          = {10.5555/3535850.3536021},
  timestamp    = {Mon, 18 Jul 2022 17:13:00 +0200},
  biburl       = {https://dblp.org/rec/conf/atal/ArseneaultVB22.bib},
  bibsource    = {dblp computer science bibliography, https://dblp.org}
}

@inproceedings{DBLP:conf/atal/HusseinPEA22,
  author       = {Aya Hussein and
                  Eleni Petraki and
                  Sondoss Elsawah and
                  Hussein A. Abbass},
  editor       = {Piotr Faliszewski and
                  Viviana Mascardi and
                  Catherine Pelachaud and
                  Matthew E. Taylor},
  title        = {Autonomous Swarm Shepherding Using Curriculum-Based Reinforcement
                  Learning},
  booktitle    = {21st International Conference on Autonomous Agents and Multiagent
                  Systems, {AAMAS} 2022, Auckland, New Zealand, May 9-13, 2022},
  pages        = {633--641},
  publisher    = {International Foundation for Autonomous Agents and Multiagent Systems
                  {(IFAAMAS)}},
  year         = {2022},
  url          = {https://www.ifaamas.org/Proceedings/aamas2022/pdfs/p633.pdf},
  doi          = {10.5555/3535850.3535922},
  timestamp    = {Mon, 18 Jul 2022 01:00:00 +0200},
  biburl       = {https://dblp.org/rec/conf/atal/HusseinPEA22.bib},
  bibsource    = {dblp computer science bibliography, https://dblp.org}
}

@inproceedings{DBLP:conf/atal/KhodrBKD22,
  author       = {Hala Khodr and
                  Barbara Bruno and
                  Aditi Kothiyal and
                  Pierre Dillenbourg},
  editor       = {Piotr Faliszewski and
                  Viviana Mascardi and
                  Catherine Pelachaud and
                  Matthew E. Taylor},
  title        = {Cellulan World: Interactive Platform to Learn Swarm Behaviors},
  booktitle    = {21st International Conference on Autonomous Agents and Multiagent
                  Systems, {AAMAS} 2022, Auckland, New Zealand, May 9-13, 2022},
  pages        = {1908--1910},
  publisher    = {International Foundation for Autonomous Agents and Multiagent Systems
                  {(IFAAMAS)}},
  year         = {2022},
  url          = {https://www.ifaamas.org/Proceedings/aamas2022/pdfs/p1908.pdf},
  doi          = {10.5555/3535850.3536148},
  timestamp    = {Mon, 18 Jul 2022 01:00:00 +0200},
  biburl       = {https://dblp.org/rec/conf/atal/KhodrBKD22.bib},
  bibsource    = {dblp computer science bibliography, https://dblp.org}
}

@inproceedings{DBLP:conf/atal/CohenA21,
  author       = {Saar Cohen and
                  Noa Agmon},
  editor       = {Frank Dignum and
                  Alessio Lomuscio and
                  Ulle Endriss and
                  Ann Now{\'{e}}},
  title        = {Spatial Consensus-Prevention in Robotic Swarms},
  booktitle    = {{AAMAS} '21: 20th International Conference on Autonomous Agents and
                  Multiagent Systems, Virtual Event, United Kingdom, May 3-7, 2021},
  pages        = {359--367},
  publisher    = {{ACM}},
  year         = {2021},
  url          = {https://www.ifaamas.org/Proceedings/aamas2021/pdfs/p359.pdf},
  doi          = {10.5555/3463952.3463999},
  timestamp    = {Mon, 09 Jan 2023 00:00:00 +0100},
  biburl       = {https://dblp.org/rec/conf/atal/CohenA21.bib},
  bibsource    = {dblp computer science bibliography, https://dblp.org}
}

@inproceedings{DBLP:conf/atal/GiordanoWPM21,
  author       = {Joseph P. Giordano and
                  Annie S. Wu and
                  Arjun Pherwani and
                  H. David Mathias},
  editor       = {Frank Dignum and
                  Alessio Lomuscio and
                  Ulle Endriss and
                  Ann Now{\'{e}}},
  title        = {Comparison of Desynchronization Methods for a Decentralized Swarm
                  on a Logistical Resupply Problem},
  booktitle    = {{AAMAS} '21: 20th International Conference on Autonomous Agents and
                  Multiagent Systems, Virtual Event, United Kingdom, May 3-7, 2021},
  pages        = {1510--1511},
  publisher    = {{ACM}},
  year         = {2021},
  url          = {https://www.ifaamas.org/Proceedings/aamas2021/pdfs/p1510.pdf},
  doi          = {10.5555/3463952.3464142},
  timestamp    = {Wed, 20 Jul 2022 01:00:00 +0200},
  biburl       = {https://dblp.org/rec/conf/atal/GiordanoWPM21.bib},
  bibsource    = {dblp computer science bibliography, https://dblp.org}
}

@inproceedings{DBLP:conf/atal/BajajR20,
  author       = {Vaibhav Bajaj and
                  Sachit Rao},
  editor       = {Amal El Fallah Seghrouchni and
                  Gita Sukthankar and
                  Bo An and
                  Neil Yorke{-}Smith},
  title        = {Autonomous Shape Formation and Morphing in a Dynamic Environment by
                  a Swarm of Robots: Extended Abstract},
  booktitle    = {Proceedings of the 19th International Conference on Autonomous Agents
                  and Multiagent Systems, {AAMAS} '20, Auckland, New Zealand, May 9-13,
                  2020},
  pages        = {1765--1767},
  publisher    = {International Foundation for Autonomous Agents and Multiagent Systems},
  year         = {2020},
  url          = {https://dl.acm.org/doi/10.5555/3398761.3398975},
  doi          = {10.5555/3398761.3398975},
  timestamp    = {Tue, 26 Jul 2022 01:00:00 +0200},
  biburl       = {https://dblp.org/rec/conf/atal/BajajR20.bib},
  bibsource    = {dblp computer science bibliography, https://dblp.org}
}

@inproceedings{DBLP:conf/atal/Chandarana0SS20,
  author       = {Meghan Chandarana and
                  Michael Lewis and
                  Katia P. Sycara and
                  Sebastian A. Scherer},
  editor       = {Amal El Fallah Seghrouchni and
                  Gita Sukthankar and
                  Bo An and
                  Neil Yorke{-}Smith},
  title        = {Human-in-the-loop Planning and Monitoring of Swarm Search and Service
                  Missions},
  booktitle    = {Proceedings of the 19th International Conference on Autonomous Agents
                  and Multiagent Systems, {AAMAS} '20, Auckland, New Zealand, May 9-13,
                  2020},
  pages        = {1798--1800},
  publisher    = {International Foundation for Autonomous Agents and Multiagent Systems},
  year         = {2020},
  url          = {https://dl.acm.org/doi/10.5555/3398761.3398986},
  doi          = {10.5555/3398761.3398986},
  timestamp    = {Tue, 26 Jul 2022 01:00:00 +0200},
  biburl       = {https://dblp.org/rec/conf/atal/Chandarana0SS20.bib},
  bibsource    = {dblp computer science bibliography, https://dblp.org}
}

@inproceedings{DBLP:conf/atal/Harwell20,
  author       = {John Harwell},
  editor       = {Amal El Fallah Seghrouchni and
                  Gita Sukthankar and
                  Bo An and
                  Neil Yorke{-}Smith},
  title        = {A Theoretical Framework for Self-Organized Task Allocation in Large
                  Swarms},
  booktitle    = {Proceedings of the 19th International Conference on Autonomous Agents
                  and Multiagent Systems, {AAMAS} '20, Auckland, New Zealand, May 9-13,
                  2020},
  pages        = {2191--2192},
  publisher    = {International Foundation for Autonomous Agents and Multiagent Systems},
  year         = {2020},
  url          = {https://dl.acm.org/doi/10.5555/3398761.3399121},
  doi          = {10.5555/3398761.3399121},
  timestamp    = {Tue, 26 Jul 2022 01:00:00 +0200},
  biburl       = {https://dblp.org/rec/conf/atal/Harwell20.bib},
  bibsource    = {dblp computer science bibliography, https://dblp.org}
}

@inproceedings{DBLP:conf/atal/HarwellLG20,
  author       = {John Harwell and
                  London Lowmanstone and
                  Maria L. Gini},
  editor       = {Amal El Fallah Seghrouchni and
                  Gita Sukthankar and
                  Bo An and
                  Neil Yorke{-}Smith},
  title        = {Demystifying Emergent Intelligence and Its Effect on Performance In
                  Large Robot Swarms},
  booktitle    = {Proceedings of the 19th International Conference on Autonomous Agents
                  and Multiagent Systems, {AAMAS} '20, Auckland, New Zealand, May 9-13,
                  2020},
  pages        = {474--482},
  publisher    = {International Foundation for Autonomous Agents and Multiagent Systems},
  year         = {2020},
  url          = {https://dl.acm.org/doi/10.5555/3398761.3398820},
  doi          = {10.5555/3398761.3398820},
  timestamp    = {Tue, 26 Jul 2022 01:00:00 +0200},
  biburl       = {https://dblp.org/rec/conf/atal/HarwellLG20.bib},
  bibsource    = {dblp computer science bibliography, https://dblp.org}
}

@inproceedings{DBLP:conf/atal/KwaKB20,
  author       = {Hian Lee Kwa and
                  Jabez Leong Kit and
                  Roland Bouffanais},
  editor       = {Amal El Fallah Seghrouchni and
                  Gita Sukthankar and
                  Bo An and
                  Neil Yorke{-}Smith},
  title        = {Optimal Swarm Strategy for Dynamic Target Search and Tracking},
  booktitle    = {Proceedings of the 19th International Conference on Autonomous Agents
                  and Multiagent Systems, {AAMAS} '20, Auckland, New Zealand, May 9-13,
                  2020},
  pages        = {672--680},
  publisher    = {International Foundation for Autonomous Agents and Multiagent Systems},
  year         = {2020},
  url          = {https://dl.acm.org/doi/10.5555/3398761.3398842},
  doi          = {10.5555/3398761.3398842},
  timestamp    = {Tue, 26 Jul 2022 01:00:00 +0200},
  biburl       = {https://dblp.org/rec/conf/atal/KwaKB20.bib},
  bibsource    = {dblp computer science bibliography, https://dblp.org}
}

@inproceedings{DBLP:conf/atal/PelcnerLAMC20,
  author       = {Lukasz Pelcner and
                  Shaling Li and
                  Matheus Aparecido do Carmo Alves and
                  Leandro Soriano Marcolino and
                  Alex Collins},
  editor       = {Amal El Fallah Seghrouchni and
                  Gita Sukthankar and
                  Bo An and
                  Neil Yorke{-}Smith},
  title        = {Real-time Learning and Planning in Environments with Swarms: {A} Hierarchical
                  and a Parameter-based Simulation Approach},
  booktitle    = {Proceedings of the 19th International Conference on Autonomous Agents
                  and Multiagent Systems, {AAMAS} '20, Auckland, New Zealand, May 9-13,
                  2020},
  pages        = {1019--1027},
  publisher    = {International Foundation for Autonomous Agents and Multiagent Systems},
  year         = {2020},
  url          = {https://dl.acm.org/doi/10.5555/3398761.3398880},
  doi          = {10.5555/3398761.3398880},
  timestamp    = {Tue, 26 Jul 2022 01:00:00 +0200},
  biburl       = {https://dblp.org/rec/conf/atal/PelcnerLAMC20.bib},
  bibsource    = {dblp computer science bibliography, https://dblp.org}
}

@inproceedings{DBLP:conf/atal/ZhangZWBR20,
  author       = {Yihan Zhang and
                  Lyon Zhang and
                  Hanlin Wang and
                  Fabi{\'{a}}n E. Bustamante and
                  Michael Rubenstein},
  editor       = {Amal El Fallah Seghrouchni and
                  Gita Sukthankar and
                  Bo An and
                  Neil Yorke{-}Smith},
  title        = {SwarmTalk - Towards Benchmark Software Suites for Swarm Robotics Platforms},
  booktitle    = {Proceedings of the 19th International Conference on Autonomous Agents
                  and Multiagent Systems, {AAMAS} '20, Auckland, New Zealand, May 9-13,
                  2020},
  pages        = {1638--1646},
  publisher    = {International Foundation for Autonomous Agents and Multiagent Systems},
  year         = {2020},
  url          = {https://dl.acm.org/doi/10.5555/3398761.3398949},
  doi          = {10.5555/3398761.3398949},
  timestamp    = {Tue, 26 Jul 2022 01:00:00 +0200},
  biburl       = {https://dblp.org/rec/conf/atal/ZhangZWBR20.bib},
  bibsource    = {dblp computer science bibliography, https://dblp.org}
}

@inproceedings{DBLP:conf/atal/CaiS19,
  author       = {Grace Cai and
                  Don Sofge},
  editor       = {Edith Elkind and
                  Manuela Veloso and
                  Noa Agmon and
                  Matthew E. Taylor},
  title        = {An Urgency-Dependent Quorum Sensing Algorithm for N-Site Selection
                  in Autonomous Swarms},
  booktitle    = {Proceedings of the 18th International Conference on Autonomous Agents
                  and MultiAgent Systems, {AAMAS} '19, Montreal, QC, Canada, May 13-17,
                  2019},
  pages        = {1853--1855},
  publisher    = {International Foundation for Autonomous Agents and Multiagent Systems},
  year         = {2019},
  url          = {http://dl.acm.org/citation.cfm?id=3331941},
  timestamp    = {Wed, 29 May 2019 16:36:58 +0200},
  biburl       = {https://dblp.org/rec/conf/atal/CaiS19.bib},
  bibsource    = {dblp computer science bibliography, https://dblp.org}
}

@inproceedings{DBLP:conf/atal/DouchanWK19,
  author       = {Yinon Douchan and
                  Ran Wolf and
                  Gal A. Kaminka},
  editor       = {Edith Elkind and
                  Manuela Veloso and
                  Noa Agmon and
                  Matthew E. Taylor},
  title        = {Swarms Can be Rational},
  booktitle    = {Proceedings of the 18th International Conference on Autonomous Agents
                  and MultiAgent Systems, {AAMAS} '19, Montreal, QC, Canada, May 13-17,
                  2019},
  pages        = {149--157},
  publisher    = {International Foundation for Autonomous Agents and Multiagent Systems},
  year         = {2019},
  url          = {http://dl.acm.org/citation.cfm?id=3331686},
  timestamp    = {Wed, 29 May 2019 01:00:00 +0200},
  biburl       = {https://dblp.org/rec/conf/atal/DouchanWK19.bib},
  bibsource    = {dblp computer science bibliography, https://dblp.org}
}

@inproceedings{DBLP:conf/atal/Kazakova19,
  author       = {Vera A. Kazakova},
  editor       = {Edith Elkind and
                  Manuela Veloso and
                  Noa Agmon and
                  Matthew E. Taylor},
  title        = {Adaptable Decentralized Task Allocation of Swarm Agents},
  booktitle    = {Proceedings of the 18th International Conference on Autonomous Agents
                  and MultiAgent Systems, {AAMAS} '19, Montreal, QC, Canada, May 13-17,
                  2019},
  pages        = {2426--2428},
  publisher    = {International Foundation for Autonomous Agents and Multiagent Systems},
  year         = {2019},
  url          = {http://dl.acm.org/citation.cfm?id=3332135},
  timestamp    = {Wed, 29 May 2019 01:00:00 +0200},
  biburl       = {https://dblp.org/rec/conf/atal/Kazakova19.bib},
  bibsource    = {dblp computer science bibliography, https://dblp.org}
}

@inproceedings{DBLP:conf/atal/LiuJLCN0S19,
  author       = {Rui Liu and
                  Fan Jia and
                  Wenhao Luo and
                  Meghan Chandarana and
                  Changjoo Nam and
                  Michael Lewis and
                  Katia P. Sycara},
  editor       = {Edith Elkind and
                  Manuela Veloso and
                  Noa Agmon and
                  Matthew E. Taylor},
  title        = {Trust-Aware Behavior Reflection for Robot Swarm Self-Healing},
  booktitle    = {Proceedings of the 18th International Conference on Autonomous Agents
                  and MultiAgent Systems, {AAMAS} '19, Montreal, QC, Canada, May 13-17,
                  2019},
  pages        = {122--130},
  publisher    = {International Foundation for Autonomous Agents and Multiagent Systems},
  year         = {2019},
  url          = {http://dl.acm.org/citation.cfm?id=3331683},
  timestamp    = {Wed, 29 May 2019 01:00:00 +0200},
  biburl       = {https://dblp.org/rec/conf/atal/LiuJLCN0S19.bib},
  bibsource    = {dblp computer science bibliography, https://dblp.org}
}

@inproceedings{DBLP:conf/atal/LomuscioP19,
  author       = {Alessio Lomuscio and
                  Edoardo Pirovano},
  editor       = {Edith Elkind and
                  Manuela Veloso and
                  Noa Agmon and
                  Matthew E. Taylor},
  title        = {A Counter Abstraction Technique for the Verification of Probabilistic
                  Swarm Systems},
  booktitle    = {Proceedings of the 18th International Conference on Autonomous Agents
                  and MultiAgent Systems, {AAMAS} '19, Montreal, QC, Canada, May 13-17,
                  2019},
  pages        = {161--169},
  publisher    = {International Foundation for Autonomous Agents and Multiagent Systems},
  year         = {2019},
  url          = {http://dl.acm.org/citation.cfm?id=3331689},
  timestamp    = {Thu, 21 Jan 2021 00:00:00 +0100},
  biburl       = {https://dblp.org/rec/conf/atal/LomuscioP19.bib},
  bibsource    = {dblp computer science bibliography, https://dblp.org}
}

@inproceedings{DBLP:conf/atal/NeupaneG19,
  author       = {Aadesh Neupane and
                  Michael A. Goodrich},
  editor       = {Edith Elkind and
                  Manuela Veloso and
                  Noa Agmon and
                  Matthew E. Taylor},
  title        = {Designing Emergent Swarm Behaviors using Behavior Trees and Grammatical
                  Evolution},
  booktitle    = {Proceedings of the 18th International Conference on Autonomous Agents
                  and MultiAgent Systems, {AAMAS} '19, Montreal, QC, Canada, May 13-17,
                  2019},
  pages        = {2138--2140},
  publisher    = {International Foundation for Autonomous Agents and Multiagent Systems},
  year         = {2019},
  url          = {http://dl.acm.org/citation.cfm?id=3332036},
  timestamp    = {Wed, 29 May 2019 01:00:00 +0200},
  biburl       = {https://dblp.org/rec/conf/atal/NeupaneG19.bib},
  bibsource    = {dblp computer science bibliography, https://dblp.org}
}

@inproceedings{DBLP:conf/atal/VaradharajanAB19,
  author       = {Vivek Shankar Varadharajan and
                  Bram Adams and
                  Giovanni Beltrame},
  editor       = {Edith Elkind and
                  Manuela Veloso and
                  Noa Agmon and
                  Matthew E. Taylor},
  title        = {The Unbroken Telephone Game: Keeping Swarms Connected},
  booktitle    = {Proceedings of the 18th International Conference on Autonomous Agents
                  and MultiAgent Systems, {AAMAS} '19, Montreal, QC, Canada, May 13-17,
                  2019},
  pages        = {2241--2243},
  publisher    = {International Foundation for Autonomous Agents and Multiagent Systems},
  year         = {2019},
  url          = {http://dl.acm.org/citation.cfm?id=3332071},
  timestamp    = {Wed, 29 May 2019 01:00:00 +0200},
  biburl       = {https://dblp.org/rec/conf/atal/VaradharajanAB19.bib},
  bibsource    = {dblp computer science bibliography, https://dblp.org}
}

@inproceedings{DBLP:conf/atal/AlbaniMNT18,
  author       = {Dario Albani and
                  Tiziano Manoni and
                  Daniele Nardi and
                  Vito Trianni},
  editor       = {Elisabeth Andr{\'{e}} and
                  Sven Koenig and
                  Mehdi Dastani and
                  Gita Sukthankar},
  title        = {Dynamic {UAV} Swarm Deployment for Non-Uniform Coverage},
  booktitle    = {Proceedings of the 17th International Conference on Autonomous Agents
                  and MultiAgent Systems, {AAMAS} 2018, Stockholm, Sweden, July 10-15,
                  2018},
  pages        = {523--531},
  publisher    = {International Foundation for Autonomous Agents and Multiagent Systems
                  Richland, SC, {USA} / {ACM}},
  year         = {2018},
  url          = {http://dl.acm.org/citation.cfm?id=3237462},
  timestamp    = {Sat, 30 Sep 2023 09:34:53 +0200},
  biburl       = {https://dblp.org/rec/conf/atal/AlbaniMNT18.bib},
  bibsource    = {dblp computer science bibliography, https://dblp.org}
}

@inproceedings{DBLP:conf/atal/ChenMK18,
  author       = {Ji Chen and
                  Salar Moarref and
                  Hadas Kress{-}Gazit},
  editor       = {Elisabeth Andr{\'{e}} and
                  Sven Koenig and
                  Mehdi Dastani and
                  Gita Sukthankar},
  title        = {Verifiable Control of Robotic Swarm from High-level Specifications},
  booktitle    = {Proceedings of the 17th International Conference on Autonomous Agents
                  and MultiAgent Systems, {AAMAS} 2018, Stockholm, Sweden, July 10-15,
                  2018},
  pages        = {568--576},
  publisher    = {International Foundation for Autonomous Agents and Multiagent Systems
                  Richland, SC, {USA} / {ACM}},
  year         = {2018},
  url          = {http://dl.acm.org/citation.cfm?id=3237467},
  timestamp    = {Mon, 16 Jul 2018 01:00:00 +0200},
  biburl       = {https://dblp.org/rec/conf/atal/ChenMK18.bib},
  bibsource    = {dblp computer science bibliography, https://dblp.org}
}

@inproceedings{DBLP:conf/atal/EbertGN18,
  author       = {Julia T. Ebert and
                  Melvin Gauci and
                  Radhika Nagpal},
  editor       = {Elisabeth Andr{\'{e}} and
                  Sven Koenig and
                  Mehdi Dastani and
                  Gita Sukthankar},
  title        = {Multi-Feature Collective Decision Making in Robot Swarms},
  booktitle    = {Proceedings of the 17th International Conference on Autonomous Agents
                  and MultiAgent Systems, {AAMAS} 2018, Stockholm, Sweden, July 10-15,
                  2018},
  pages        = {1711--1719},
  publisher    = {International Foundation for Autonomous Agents and Multiagent Systems
                  Richland, SC, {USA} / {ACM}},
  year         = {2018},
  url          = {http://dl.acm.org/citation.cfm?id=3237953},
  timestamp    = {Mon, 16 Jul 2018 01:00:00 +0200},
  biburl       = {https://dblp.org/rec/conf/atal/EbertGN18.bib},
  bibsource    = {dblp computer science bibliography, https://dblp.org}
}

@inproceedings{DBLP:conf/atal/NeupaneGM18,
  author       = {Aadesh Neupane and
                  Michael A. Goodrich and
                  Eric G. Mercer},
  editor       = {Elisabeth Andr{\'{e}} and
                  Sven Koenig and
                  Mehdi Dastani and
                  Gita Sukthankar},
  title        = {{GEESE:} Grammatical Evolution Algorithm for Evolution of Swarm Behaviors},
  booktitle    = {Proceedings of the 17th International Conference on Autonomous Agents
                  and MultiAgent Systems, {AAMAS} 2018, Stockholm, Sweden, July 10-15,
                  2018},
  pages        = {2025--2027},
  publisher    = {International Foundation for Autonomous Agents and Multiagent Systems
                  Richland, SC, {USA} / {ACM}},
  year         = {2018},
  url          = {http://dl.acm.org/citation.cfm?id=3238059},
  timestamp    = {Mon, 16 Jul 2018 01:00:00 +0200},
  biburl       = {https://dblp.org/rec/conf/atal/NeupaneGM18.bib},
  bibsource    = {dblp computer science bibliography, https://dblp.org}
}

@inproceedings{DBLP:conf/atal/StrobelFD18,
  author       = {Volker Strobel and
                  Eduardo Castell{\'{o}} Ferrer and
                  Marco Dorigo},
  editor       = {Elisabeth Andr{\'{e}} and
                  Sven Koenig and
                  Mehdi Dastani and
                  Gita Sukthankar},
  title        = {Managing Byzantine Robots via Blockchain Technology in a Swarm Robotics
                  Collective Decision Making Scenario},
  booktitle    = {Proceedings of the 17th International Conference on Autonomous Agents
                  and MultiAgent Systems, {AAMAS} 2018, Stockholm, Sweden, July 10-15,
                  2018},
  pages        = {541--549},
  publisher    = {International Foundation for Autonomous Agents and Multiagent Systems
                  Richland, SC, {USA} / {ACM}},
  year         = {2018},
  url          = {http://dl.acm.org/citation.cfm?id=3237464},
  timestamp    = {Mon, 16 Jul 2018 01:00:00 +0200},
  biburl       = {https://dblp.org/rec/conf/atal/StrobelFD18.bib},
  bibsource    = {dblp computer science bibliography, https://dblp.org}
}

@inproceedings{DBLP:conf/atal/GebhardtDSHKN17,
  author       = {Gregor H. W. Gebhardt and
                  Kevin Daun and
                  Marius Schnaubelt and
                  Alexander Hendrich and
                  Daniel Kauth and
                  Gerhard Neumann},
  editor       = {Kate Larson and
                  Michael Winikoff and
                  Sanmay Das and
                  Edmund H. Durfee},
  title        = {Learning to Assemble Objects with a Robot Swarm},
  booktitle    = {Proceedings of the 16th Conference on Autonomous Agents and MultiAgent
                  Systems, {AAMAS} 2017, S{\~{a}}o Paulo, Brazil, May 8-12, 2017},
  pages        = {1547--1549},
  publisher    = {{ACM}},
  year         = {2017},
  url          = {http://dl.acm.org/citation.cfm?id=3091357},
  timestamp    = {Wed, 27 Sep 2017 07:24:00 +0200},
  biburl       = {https://dblp.org/rec/conf/atal/GebhardtDSHKN17.bib},
  bibsource    = {dblp computer science bibliography, https://dblp.org}
}

@inproceedings{DBLP:conf/atal/LopesTLDG17,
  author       = {Yuri Kaszubowski Lopes and
                  Stefan M. Trenkwalder and
                  Andr{\'{e}} B. Leal and
                  Tony J. Dodd and
                  Roderich Gro{\ss}},
  editor       = {Kate Larson and
                  Michael Winikoff and
                  Sanmay Das and
                  Edmund H. Durfee},
  title        = {Probabilistic Supervisory Control Theory (pSCT) Applied to Swarm Robotics},
  booktitle    = {Proceedings of the 16th Conference on Autonomous Agents and MultiAgent
                  Systems, {AAMAS} 2017, S{\~{a}}o Paulo, Brazil, May 8-12, 2017},
  pages        = {1395--1403},
  publisher    = {{ACM}},
  year         = {2017},
  url          = {http://dl.acm.org/citation.cfm?id=3091317},
  timestamp    = {Thu, 11 May 2017 01:00:00 +0200},
  biburl       = {https://dblp.org/rec/conf/atal/LopesTLDG17.bib},
  bibsource    = {dblp computer science bibliography, https://dblp.org}
}

@inproceedings{DBLP:conf/atal/SanghviNS17,
  author       = {Navyata Sanghvi and
                  Sasanka Nagavalli and
                  Katia P. Sycara},
  editor       = {Kate Larson and
                  Michael Winikoff and
                  Sanmay Das and
                  Edmund H. Durfee},
  title        = {Exploiting Robotic Swarm Characteristics for Adversarial Subversion
                  in Coverage Tasks},
  booktitle    = {Proceedings of the 16th Conference on Autonomous Agents and MultiAgent
                  Systems, {AAMAS} 2017, S{\~{a}}o Paulo, Brazil, May 8-12, 2017},
  pages        = {511--519},
  publisher    = {{ACM}},
  year         = {2017},
  url          = {http://dl.acm.org/citation.cfm?id=3091200},
  timestamp    = {Thu, 11 May 2017 01:00:00 +0200},
  biburl       = {https://dblp.org/rec/conf/atal/SanghviNS17.bib},
  bibsource    = {dblp computer science bibliography, https://dblp.org}
}

@inproceedings{DBLP:conf/atal/SosicKZK17,
  author       = {Adrian Sosic and
                  Wasiur R. KhudaBukhsh and
                  Abdelhak M. Zoubir and
                  Heinz Koeppl},
  editor       = {Kate Larson and
                  Michael Winikoff and
                  Sanmay Das and
                  Edmund H. Durfee},
  title        = {Inverse Reinforcement Learning in Swarm Systems},
  booktitle    = {Proceedings of the 16th Conference on Autonomous Agents and MultiAgent
                  Systems, {AAMAS} 2017, S{\~{a}}o Paulo, Brazil, May 8-12, 2017},
  pages        = {1413--1421},
  publisher    = {{ACM}},
  year         = {2017},
  url          = {http://dl.acm.org/citation.cfm?id=3091320},
  timestamp    = {Thu, 11 May 2017 01:00:00 +0200},
  biburl       = {https://dblp.org/rec/conf/atal/SosicKZK17.bib},
  bibsource    = {dblp computer science bibliography, https://dblp.org}
}

@inproceedings{DBLP:conf/atal/TiwariJBBG17,
  author       = {Rohan Tiwari and
                  Puneet Jain and
                  Sachit Butail and
                  Sujit P. Baliyarasimhuni and
                  Michael A. Goodrich},
  editor       = {Kate Larson and
                  Michael Winikoff and
                  Sanmay Das and
                  Edmund H. Durfee},
  title        = {Effect of Leader Placement on Robotic Swarm Control},
  booktitle    = {Proceedings of the 16th Conference on Autonomous Agents and MultiAgent
                  Systems, {AAMAS} 2017, S{\~{a}}o Paulo, Brazil, May 8-12, 2017},
  pages        = {1387--1394},
  publisher    = {{ACM}},
  year         = {2017},
  url          = {http://dl.acm.org/citation.cfm?id=3091316},
  timestamp    = {Thu, 11 May 2017 01:00:00 +0200},
  biburl       = {https://dblp.org/rec/conf/atal/TiwariJBBG17.bib},
  bibsource    = {dblp computer science bibliography, https://dblp.org}
}

@inproceedings{DBLP:conf/atal/KouvarosL16,
  author       = {Panagiotis Kouvaros and
                  Alessio Lomuscio},
  editor       = {Catholijn M. Jonker and
                  Stacy Marsella and
                  John Thangarajah and
                  Karl Tuyls},
  title        = {Formal Verification of Opinion Formation in Swarms},
  booktitle    = {Proceedings of the 2016 International Conference on Autonomous Agents
                  {\&} Multiagent Systems, Singapore, May 9-13, 2016},
  pages        = {1200--1208},
  publisher    = {{ACM}},
  year         = {2016},
  url          = {http://dl.acm.org/citation.cfm?id=2937099},
  timestamp    = {Fri, 20 May 2016 20:33:29 +0200},
  biburl       = {https://dblp.org/rec/conf/atal/KouvarosL16.bib},
  bibsource    = {dblp computer science bibliography, https://dblp.org}
}

@inproceedings{DBLP:conf/atal/BellO15,
  author       = {Nathan Bell and
                  B. John Oommen},
  editor       = {Gerhard Weiss and
                  Pinar Yolum and
                  Rafael H. Bordini and
                  Edith Elkind},
  title        = {Particle Field Optimization: {A} New Paradigm for Swarm Intelligence},
  booktitle    = {Proceedings of the 2015 International Conference on Autonomous Agents
                  and Multiagent Systems, {AAMAS} 2015, Istanbul, Turkey, May 4-8, 2015},
  pages        = {257--265},
  publisher    = {{ACM}},
  year         = {2015},
  url          = {http://dl.acm.org/citation.cfm?id=2772915},
  timestamp    = {Tue, 08 Mar 2022 10:12:47 +0100},
  biburl       = {https://dblp.org/rec/conf/atal/BellO15.bib},
  bibsource    = {dblp computer science bibliography, https://dblp.org}
}

@inproceedings{DBLP:conf/atal/Perez-DiazZG15,
  author       = {Fernando Perez{-}Diaz and
                  R{\"{u}}diger Zillmer and
                  Roderich Gro{\ss}},
  editor       = {Gerhard Weiss and
                  Pinar Yolum and
                  Rafael H. Bordini and
                  Edith Elkind},
  title        = {Firefly-Inspired Synchronization in Swarms of Mobile Agents},
  booktitle    = {Proceedings of the 2015 International Conference on Autonomous Agents
                  and Multiagent Systems, {AAMAS} 2015, Istanbul, Turkey, May 4-8, 2015},
  pages        = {279--286},
  publisher    = {{ACM}},
  year         = {2015},
  url          = {http://dl.acm.org/citation.cfm?id=2772917},
  timestamp    = {Fri, 15 May 2015 01:00:00 +0200},
  biburl       = {https://dblp.org/rec/conf/atal/Perez-DiazZG15.bib},
  bibsource    = {dblp computer science bibliography, https://dblp.org}
}

@inproceedings{DBLP:conf/atal/RussellSAL15,
  author       = {Katherine Russell and
                  Michael Schader and
                  Kevin Andrea and
                  Sean Luke},
  editor       = {Gerhard Weiss and
                  Pinar Yolum and
                  Rafael H. Bordini and
                  Edith Elkind},
  title        = {Swarm Robot Foraging with Wireless Sensor Motes},
  booktitle    = {Proceedings of the 2015 International Conference on Autonomous Agents
                  and Multiagent Systems, {AAMAS} 2015, Istanbul, Turkey, May 4-8, 2015},
  pages        = {287--295},
  publisher    = {{ACM}},
  year         = {2015},
  url          = {http://dl.acm.org/citation.cfm?id=2772918},
  timestamp    = {Fri, 15 May 2015 01:00:00 +0200},
  biburl       = {https://dblp.org/rec/conf/atal/RussellSAL15.bib},
  bibsource    = {dblp computer science bibliography, https://dblp.org}
}

@inproceedings{DBLP:conf/atal/ValentiniHD15,
  author       = {Gabriele Valentini and
                  Heiko Hamann and
                  Marco Dorigo},
  editor       = {Gerhard Weiss and
                  Pinar Yolum and
                  Rafael H. Bordini and
                  Edith Elkind},
  title        = {Efficient Decision-Making in a Self-Organizing Robot Swarm: On the
                  Speed Versus Accuracy Trade-Off},
  booktitle    = {Proceedings of the 2015 International Conference on Autonomous Agents
                  and Multiagent Systems, {AAMAS} 2015, Istanbul, Turkey, May 4-8, 2015},
  pages        = {1305--1314},
  publisher    = {{ACM}},
  year         = {2015},
  url          = {http://dl.acm.org/citation.cfm?id=2773319},
  timestamp    = {Fri, 15 May 2015 01:00:00 +0200},
  biburl       = {https://dblp.org/rec/conf/atal/ValentiniHD15.bib},
  bibsource    = {dblp computer science bibliography, https://dblp.org}
}

@inproceedings{DBLP:conf/atal/BrownG14,
  author       = {Daniel S. Brown and
                  Michael A. Goodrich},
  editor       = {Ana L. C. Bazzan and
                  Michael N. Huhns and
                  Alessio Lomuscio and
                  Paul Scerri},
  title        = {Limited bandwidth recognition of collective behaviors in bio-inspired
                  swarms},
  booktitle    = {International conference on Autonomous Agents and Multi-Agent Systems,
                  {AAMAS} '14, Paris, France, May 5-9, 2014},
  pages        = {405--412},
  publisher    = {{IFAAMAS/ACM}},
  year         = {2014},
  url          = {http://dl.acm.org/citation.cfm?id=2615798},
  timestamp    = {Thu, 25 Sep 2014 07:46:15 +0200},
  biburl       = {https://dblp.org/rec/conf/atal/BrownG14.bib},
  bibsource    = {dblp computer science bibliography, https://dblp.org}
}

@inproceedings{DBLP:conf/atal/Valentini14,
  author       = {Gabriele Valentini},
  editor       = {Ana L. C. Bazzan and
                  Michael N. Huhns and
                  Alessio Lomuscio and
                  Paul Scerri},
  title        = {Self-organized collective decision-making in swarms of autonomous
                  robots},
  booktitle    = {International conference on Autonomous Agents and Multi-Agent Systems,
                  {AAMAS} '14, Paris, France, May 5-9, 2014},
  pages        = {1703--1704},
  publisher    = {{IFAAMAS/ACM}},
  year         = {2014},
  url          = {http://dl.acm.org/citation.cfm?id=2616135},
  timestamp    = {Thu, 25 Sep 2014 01:00:00 +0200},
  biburl       = {https://dblp.org/rec/conf/atal/Valentini14.bib},
  bibsource    = {dblp computer science bibliography, https://dblp.org}
}

@inproceedings{DBLP:conf/atal/IyerRB13,
  author       = {Arjun Iyer and
                  Luis Rayas and
                  Andrew Bennett},
  editor       = {Maria L. Gini and
                  Onn Shehory and
                  Takayuki Ito and
                  Catholijn M. Jonker},
  title        = {Formation control for cooperative localization of {MAV} swarms (demonstration)},
  booktitle    = {International conference on Autonomous Agents and Multi-Agent Systems,
                  {AAMAS} '13, Saint Paul, MN, USA, May 6-10, 2013},
  pages        = {1371--1372},
  publisher    = {{IFAAMAS}},
  year         = {2013},
  url          = {http://dl.acm.org/citation.cfm?id=2485230},
  timestamp    = {Thu, 09 Sep 2021 16:09:54 +0200},
  biburl       = {https://dblp.org/rec/conf/atal/IyerRB13.bib},
  bibsource    = {dblp computer science bibliography, https://dblp.org}
}

@inproceedings{DBLP:conf/aamas/BrambillaPBD12,
  author       = {Manuele Brambilla and
                  Carlo Pinciroli and
                  Mauro Birattari and
                  Marco Dorigo},
  editor       = {Wiebe van der Hoek and
                  Lin Padgham and
                  Vincent Conitzer and
                  Michael Winikoff},
  title        = {Property-driven design for swarm robotics},
  booktitle    = {International Conference on Autonomous Agents and Multiagent Systems,
                  {AAMAS} 2012, Valencia, Spain, June 4-8, 2012 {(3} Volumes)},
  pages        = {139--146},
  publisher    = {{IFAAMAS}},
  year         = {2012},
  url          = {http://dl.acm.org/citation.cfm?id=2343596},
  timestamp    = {Thu, 19 Mar 2015 00:00:00 +0100},
  biburl       = {https://dblp.org/rec/conf/aamas/BrambillaPBD12.bib},
  bibsource    = {dblp computer science bibliography, https://dblp.org}
}

@inproceedings{DBLP:conf/aamas/ChenGPG12,
  author       = {Jianing Chen and
                  Melvin Gauci and
                  Michael J. Price and
                  Roderich Gro{\ss}},
  editor       = {Wiebe van der Hoek and
                  Lin Padgham and
                  Vincent Conitzer and
                  Michael Winikoff},
  title        = {Segregation in swarms of e-puck robots based on the Brazil nut effect},
  booktitle    = {International Conference on Autonomous Agents and Multiagent Systems,
                  {AAMAS} 2012, Valencia, Spain, June 4-8, 2012 {(3} Volumes)},
  pages        = {163--170},
  publisher    = {{IFAAMAS}},
  year         = {2012},
  url          = {http://dl.acm.org/citation.cfm?id=2343599},
  timestamp    = {Thu, 19 Mar 2015 00:00:00 +0100},
  biburl       = {https://dblp.org/rec/conf/aamas/ChenGPG12.bib},
  bibsource    = {dblp computer science bibliography, https://dblp.org}
}

@inproceedings{DBLP:conf/aamas/DucatelleCG12,
  author       = {Frederick Ducatelle and
                  Gianni A. Di Caro and
                  Luca Maria Gambardella},
  editor       = {Wiebe van der Hoek and
                  Lin Padgham and
                  Vincent Conitzer and
                  Michael Winikoff},
  title        = {Spatial awareness in robotic swarms through local wireless communications},
  booktitle    = {International Conference on Autonomous Agents and Multiagent Systems,
                  {AAMAS} 2012, Valencia, Spain, June 4-8, 2012 {(3} Volumes)},
  pages        = {1205--1206},
  publisher    = {{IFAAMAS}},
  year         = {2012},
  url          = {http://dl.acm.org/citation.cfm?id=2343923},
  timestamp    = {Thu, 19 Mar 2015 00:00:00 +0100},
  biburl       = {https://dblp.org/rec/conf/aamas/DucatelleCG12.bib},
  bibsource    = {dblp computer science bibliography, https://dblp.org}
}

@inproceedings{DBLP:conf/aamas/GiustiNGC12,
  author       = {Alessandro Giusti and
                  Jawad Nagi and
                  Luca Maria Gambardella and
                  Gianni A. Di Caro},
  editor       = {Wiebe van der Hoek and
                  Lin Padgham and
                  Vincent Conitzer and
                  Michael Winikoff},
  title        = {Distributed consensus for interaction between humans and mobile robot
                  swarms (demonstration)},
  booktitle    = {International Conference on Autonomous Agents and Multiagent Systems,
                  {AAMAS} 2012, Valencia, Spain, June 4-8, 2012 {(3} Volumes)},
  pages        = {1503--1504},
  publisher    = {{IFAAMAS}},
  year         = {2012},
  url          = {http://dl.acm.org/citation.cfm?id=2344082},
  timestamp    = {Thu, 19 Mar 2015 00:00:00 +0100},
  biburl       = {https://dblp.org/rec/conf/aamas/GiustiNGC12.bib},
  bibsource    = {dblp computer science bibliography, https://dblp.org}
}

@inproceedings{DBLP:conf/aamas/SullivanL12,
  author       = {Keith Sullivan and
                  Sean Luke},
  editor       = {Wiebe van der Hoek and
                  Lin Padgham and
                  Vincent Conitzer and
                  Michael Winikoff},
  title        = {Learning from demonstration with swarm hierarchies},
  booktitle    = {International Conference on Autonomous Agents and Multiagent Systems,
                  {AAMAS} 2012, Valencia, Spain, June 4-8, 2012 {(3} Volumes)},
  pages        = {197--204},
  publisher    = {{IFAAMAS}},
  year         = {2012},
  url          = {http://dl.acm.org/citation.cfm?id=2343604},
  timestamp    = {Thu, 19 Mar 2015 00:00:00 +0100},
  biburl       = {https://dblp.org/rec/conf/aamas/SullivanL12.bib},
  bibsource    = {dblp computer science bibliography, https://dblp.org}
}

@inproceedings{DBLP:conf/atal/AlersBHJKLTW11,
  author       = {Sjriek Alers and
                  Daan Bloembergen and
                  Daniel Hennes and
                  Steven de Jong and
                  Michael Kaisers and
                  Nyree Lemmens and
                  Karl Tuyls and
                  Gerhard Weiss},
  editor       = {Liz Sonenberg and
                  Peter Stone and
                  Kagan Tumer and
                  Pinar Yolum},
  title        = {Bee-inspired foraging in an embodied swarm},
  booktitle    = {10th International Conference on Autonomous Agents and Multiagent
                  Systems {(AAMAS} 2011), Taipei, Taiwan, May 2-6, 2011, Volume 1-3},
  pages        = {1311--1312},
  publisher    = {{IFAAMAS}},
  year         = {2011},
  url          = {http://portal.acm.org/citation.cfm?id=2034541\&CFID=69154334\&CFTOKEN=45298625},
  timestamp    = {Tue, 19 Nov 2024 15:59:16 +0100},
  biburl       = {https://dblp.org/rec/conf/atal/AlersBHJKLTW11.bib},
  bibsource    = {dblp computer science bibliography, https://dblp.org}
}

@inproceedings{DBLP:conf/atal/MathewsCFOD10,
  author       = {Nithin Mathews and
                  Anders Lyhne Christensen and
                  Eliseo Ferrante and
                  Rehan O'Grady and
                  Marco Dorigo},
  editor       = {Wiebe van der Hoek and
                  Gal A. Kaminka and
                  Yves Lesp{\'{e}}rance and
                  Michael Luck and
                  Sandip Sen},
  title        = {Establishing spatially targeted communication in a heterogeneous robot
                  swarm},
  booktitle    = {9th International Conference on Autonomous Agents and Multiagent Systems
                  {(AAMAS} 2010), Toronto, Canada, May 10-14, 2010, Volume 1-3},
  pages        = {939--946},
  publisher    = {{IFAAMAS}},
  year         = {2010},
  url          = {https://dl.acm.org/citation.cfm?id=1838332},
  timestamp    = {Fri, 30 Nov 2018 00:00:00 +0100},
  biburl       = {https://dblp.org/rec/conf/atal/MathewsCFOD10.bib},
  bibsource    = {dblp computer science bibliography, https://dblp.org}
}

@inproceedings{DBLP:conf/atal/Parunak10,
  author       = {H. Van Dyke Parunak},
  editor       = {Wiebe van der Hoek and
                  Gal A. Kaminka and
                  Yves Lesp{\'{e}}rance and
                  Michael Luck and
                  Sandip Sen},
  title        = {Generation and analysis of multiple futures with swarming agents},
  booktitle    = {9th International Conference on Autonomous Agents and Multiagent Systems
                  {(AAMAS} 2010), Toronto, Canada, May 10-14, 2010, Volume 1-3},
  pages        = {1549--1550},
  publisher    = {{IFAAMAS}},
  year         = {2010},
  url          = {https://dl.acm.org/citation.cfm?id=1838475},
  timestamp    = {Fri, 30 Nov 2018 00:00:00 +0100},
  biburl       = {https://dblp.org/rec/conf/atal/Parunak10.bib},
  bibsource    = {dblp computer science bibliography, https://dblp.org}
}

@inproceedings{DBLP:conf/atal/ParunakBB10,
  author       = {H. Van Dyke Parunak and
                  Robert Bisson and
                  Sven A. Brueckner},
  editor       = {Wiebe van der Hoek and
                  Gal A. Kaminka and
                  Yves Lesp{\'{e}}rance and
                  Michael Luck and
                  Sandip Sen},
  title        = {Agent interaction, multiple perspectives, and swarming simulation},
  booktitle    = {9th International Conference on Autonomous Agents and Multiagent Systems
                  {(AAMAS} 2010), Toronto, Canada, May 10-14, 2010, Volume 1-3},
  pages        = {549--556},
  publisher    = {{IFAAMAS}},
  year         = {2010},
  url          = {https://dl.acm.org/citation.cfm?id=1838284},
  timestamp    = {Fri, 30 Nov 2018 00:00:00 +0100},
  biburl       = {https://dblp.org/rec/conf/atal/ParunakBB10.bib},
  bibsource    = {dblp computer science bibliography, https://dblp.org}
}

@inproceedings{DBLP:conf/atal/SivakumarT10,
  author       = {Achudhan Sivakumar and
                  Colin Keng{-}Yan Tan},
  editor       = {Wiebe van der Hoek and
                  Gal A. Kaminka and
                  Yves Lesp{\'{e}}rance and
                  Michael Luck and
                  Sandip Sen},
  title        = {{UAV} swarm coordination using cooperative control for establishing
                  a wireless communications backbone},
  booktitle    = {9th International Conference on Autonomous Agents and Multiagent Systems
                  {(AAMAS} 2010), Toronto, Canada, May 10-14, 2010, Volume 1-3},
  pages        = {1157--1164},
  publisher    = {{IFAAMAS}},
  year         = {2010},
  url          = {https://dl.acm.org/citation.cfm?id=1838188},
  timestamp    = {Fri, 30 Nov 2018 00:00:00 +0100},
  biburl       = {https://dblp.org/rec/conf/atal/SivakumarT10.bib},
  bibsource    = {dblp computer science bibliography, https://dblp.org}
}

@inproceedings{DBLP:conf/atal/CharrierBC09,
  author       = {Rodolphe Charrier and
                  Christine Bourjot and
                  Fran{\c{c}}ois Charpillet},
  editor       = {Carles Sierra and
                  Cristiano Castelfranchi and
                  Keith S. Decker and
                  Jaime Sim{\~{a}}o Sichman},
  title        = {Modeling swarm phenomena using logistic agents: application to a predators-prey
                  pursuit},
  booktitle    = {8th International Conference on Autonomous Agents and Multiagent Systems
                  {(AAMAS} 2009), Budapest, Hungary, May 10-15, 2009, Volume 2},
  pages        = {1245--1246},
  publisher    = {{IFAAMAS}},
  year         = {2009},
  url          = {https://dl.acm.org/citation.cfm?id=1558234},
  timestamp    = {Tue, 05 Nov 2024 14:15:47 +0100},
  biburl       = {https://dblp.org/rec/conf/atal/CharrierBC09.bib},
  bibsource    = {dblp computer science bibliography, https://dblp.org}
}

@inproceedings{DBLP:conf/atal/GokceS09,
  author       = {Fatih G{\"{o}}k{\c{c}}e and
                  Erol Sahin},
  editor       = {Carles Sierra and
                  Cristiano Castelfranchi and
                  Keith S. Decker and
                  Jaime Sim{\~{a}}o Sichman},
  title        = {To flock or not to flock: the pros and cons of flocking in long-range
                  "migration" of mobile robot swarms},
  booktitle    = {8th International Conference on Autonomous Agents and Multiagent Systems
                  {(AAMAS} 2009), Budapest, Hungary, May 10-15, 2009, Volume 1},
  pages        = {65--72},
  publisher    = {{IFAAMAS}},
  year         = {2009},
  url          = {https://dl.acm.org/citation.cfm?id=1558021},
  timestamp    = {Tue, 05 Nov 2024 14:15:47 +0100},
  biburl       = {https://dblp.org/rec/conf/atal/GokceS09.bib},
  bibsource    = {dblp computer science bibliography, https://dblp.org}
}

@inproceedings{DBLP:conf/atal/ChengD08,
  author       = {Ke Cheng and
                  Prithviraj Dasgupta},
  editor       = {Lin Padgham and
                  David C. Parkes and
                  J{\"{o}}rg P. M{\"{u}}ller and
                  Simon Parsons},
  title        = {Coalition game-based distributed coverage of unknown environments
                  by robot swarms},
  booktitle    = {7th International Joint Conference on Autonomous Agents and Multiagent
                  Systems {(AAMAS} 2008), Estoril, Portugal, May 12-16, 2008, Volume
                  3},
  pages        = {1191--1194},
  publisher    = {{IFAAMAS}},
  year         = {2008},
  url          = {https://dl.acm.org/citation.cfm?id=1402828},
  timestamp    = {Fri, 30 Nov 2018 00:00:00 +0100},
  biburl       = {https://dblp.org/rec/conf/atal/ChengD08.bib},
  bibsource    = {dblp computer science bibliography, https://dblp.org}
}

@inproceedings{DBLP:conf/atal/ConnaughtonSS08,
  author       = {Ryan Connaughton and
                  Paul W. Schermerhorn and
                  Matthias Scheutz},
  editor       = {Lin Padgham and
                  David C. Parkes and
                  J{\"{o}}rg P. M{\"{u}}ller and
                  Simon Parsons},
  title        = {Physical parameter optimization in swarms of ultra-low complexity
                  agents},
  booktitle    = {7th International Joint Conference on Autonomous Agents and Multiagent
                  Systems {(AAMAS} 2008), Estoril, Portugal, May 12-16, 2008, Volume
                  3},
  pages        = {1631--1634},
  publisher    = {{IFAAMAS}},
  year         = {2008},
  url          = {https://dl.acm.org/citation.cfm?id=1402943},
  timestamp    = {Fri, 30 Nov 2018 00:00:00 +0100},
  biburl       = {https://dblp.org/rec/conf/atal/ConnaughtonSS08.bib},
  bibsource    = {dblp computer science bibliography, https://dblp.org}
}

@inproceedings{DBLP:conf/atal/MarcolinoC08,
  author       = {Leandro Soriano Marcolino and
                  Luiz Chaimowicz},
  editor       = {Lin Padgham and
                  David C. Parkes and
                  J{\"{o}}rg P. M{\"{u}}ller and
                  Simon Parsons},
  title        = {A coordination mechanism for swarm navigation: experiments and analysis},
  booktitle    = {7th International Joint Conference on Autonomous Agents and Multiagent
                  Systems {(AAMAS} 2008), Estoril, Portugal, May 12-16, 2008, Volume
                  3},
  pages        = {1203--1206},
  publisher    = {{IFAAMAS}},
  year         = {2008},
  url          = {https://dl.acm.org/citation.cfm?id=1402831},
  timestamp    = {Fri, 30 Nov 2018 00:00:00 +0100},
  biburl       = {https://dblp.org/rec/conf/atal/MarcolinoC08.bib},
  bibsource    = {dblp computer science bibliography, https://dblp.org}
}

@inproceedings{DBLP:conf/atal/TurgutCGS08,
  author       = {Ali Emre Turgut and
                  Hande {\c{C}}elikkanat and
                  Fatih G{\"{o}}k{\c{c}}e and
                  Erol Sahin},
  editor       = {Lin Padgham and
                  David C. Parkes and
                  J{\"{o}}rg P. M{\"{u}}ller and
                  Simon Parsons},
  title        = {Self-organized flocking with a mobile robot swarm},
  booktitle    = {7th International Joint Conference on Autonomous Agents and Multiagent
                  Systems {(AAMAS} 2008), Estoril, Portugal, May 12-16, 2008, Volume
                  1},
  pages        = {39--46},
  publisher    = {{IFAAMAS}},
  year         = {2008},
  url          = {https://dl.acm.org/citation.cfm?id=1402394},
  timestamp    = {Fri, 30 Nov 2018 00:00:00 +0100},
  biburl       = {https://dblp.org/rec/conf/atal/TurgutCGS08.bib},
  bibsource    = {dblp computer science bibliography, https://dblp.org}
}

@inproceedings{DBLP:conf/atal/BonnetT07,
  author       = {Gr{\'{e}}gory Bonnet and
                  Catherine Tessier},
  editor       = {Edmund H. Durfee and
                  Makoto Yokoo and
                  Michael N. Huhns and
                  Onn Shehory},
  title        = {Collaboration among a satellite swarm},
  booktitle    = {6th International Joint Conference on Autonomous Agents and Multiagent
                  Systems {(AAMAS} 2007), Honolulu, Hawaii, USA, May 14-18, 2007},
  pages        = {54},
  publisher    = {{IFAAMAS}},
  year         = {2007},
  url          = {https://doi.org/10.1145/1329125.1329189},
  doi          = {10.1145/1329125.1329189},
  timestamp    = {Sun, 02 Oct 2022 01:00:00 +0200},
  biburl       = {https://dblp.org/rec/conf/atal/BonnetT07.bib},
  bibsource    = {dblp computer science bibliography, https://dblp.org}
}

@inproceedings{DBLP:conf/atal/FerreiraBB07,
  author       = {Paulo Roberto Ferreira Jr. and
                  Felipe S. Boffo and
                  Ana L. C. Bazzan},
  editor       = {Edmund H. Durfee and
                  Makoto Yokoo and
                  Michael N. Huhns and
                  Onn Shehory},
  title        = {A swarm based approximated algorithm to the extended generalized assignment
                  problem {(E-GAP)}},
  booktitle    = {6th International Joint Conference on Autonomous Agents and Multiagent
                  Systems {(AAMAS} 2007), Honolulu, Hawaii, USA, May 14-18, 2007},
  pages        = {204},
  publisher    = {{IFAAMAS}},
  year         = {2007},
  url          = {https://doi.org/10.1145/1329125.1329373},
  doi          = {10.1145/1329125.1329373},
  timestamp    = {Tue, 06 Nov 2018 00:00:00 +0100},
  biburl       = {https://dblp.org/rec/conf/atal/FerreiraBB07.bib},
  bibsource    = {dblp computer science bibliography, https://dblp.org}
}

@inproceedings{DBLP:conf/atal/Vigorito07,
  author       = {Christopher M. Vigorito},
  editor       = {Edmund H. Durfee and
                  Makoto Yokoo and
                  Michael N. Huhns and
                  Onn Shehory},
  title        = {Distributed path planning for mobile robots using a swarm of interacting
                  reinforcement learners},
  booktitle    = {6th International Joint Conference on Autonomous Agents and Multiagent
                  Systems {(AAMAS} 2007), Honolulu, Hawaii, USA, May 14-18, 2007},
  pages        = {120},
  publisher    = {{IFAAMAS}},
  year         = {2007},
  url          = {https://doi.org/10.1145/1329125.1329273},
  doi          = {10.1145/1329125.1329273},
  timestamp    = {Tue, 06 Nov 2018 00:00:00 +0100},
  biburl       = {https://dblp.org/rec/conf/atal/Vigorito07.bib},
  bibsource    = {dblp computer science bibliography, https://dblp.org}
}

@inproceedings{DBLP:conf/atal/Dasgupta06,
  author       = {Prithviraj Dasgupta},
  editor       = {Hideyuki Nakashima and
                  Michael P. Wellman and
                  Gerhard Weiss and
                  Peter Stone},
  title        = {Distributed automatic target recognition using multi-agent {UAV} swarms},
  booktitle    = {5th International Joint Conference on Autonomous Agents and Multiagent
                  Systems {(AAMAS} 2006), Hakodate, Japan, May 8-12, 2006},
  pages        = {479--481},
  publisher    = {{ACM}},
  year         = {2006},
  url          = {https://doi.org/10.1145/1160633.1160720},
  doi          = {10.1145/1160633.1160720},
  timestamp    = {Tue, 19 Nov 2024 15:59:16 +0100},
  biburl       = {https://dblp.org/rec/conf/atal/Dasgupta06.bib},
  bibsource    = {dblp computer science bibliography, https://dblp.org}
}

@inproceedings{DBLP:conf/atal/PughM06,
  author       = {Jim Pugh and
                  Alcherio Martinoli},
  editor       = {Hideyuki Nakashima and
                  Michael P. Wellman and
                  Gerhard Weiss and
                  Peter Stone},
  title        = {Multi-robot learning with particle swarm optimization},
  booktitle    = {5th International Joint Conference on Autonomous Agents and Multiagent
                  Systems {(AAMAS} 2006), Hakodate, Japan, May 8-12, 2006},
  pages        = {441--448},
  publisher    = {{ACM}},
  year         = {2006},
  url          = {https://doi.org/10.1145/1160633.1160715},
  doi          = {10.1145/1160633.1160715},
  timestamp    = {Wed, 07 Dec 2022 00:00:00 +0100},
  biburl       = {https://dblp.org/rec/conf/atal/PughM06.bib},
  bibsource    = {dblp computer science bibliography, https://dblp.org}
}

@inproceedings{DBLP:conf/atal/SauterMPB05,
  author       = {John A. Sauter and
                  Robert S. Matthews and
                  H. Van Dyke Parunak and
                  Sven Brueckner},
  editor       = {Frank Dignum and
                  Virginia Dignum and
                  Sven Koenig and
                  Sarit Kraus and
                  Munindar P. Singh and
                  Michael J. Wooldridge},
  title        = {Performance of digital pheromones for swarming vehicle control},
  booktitle    = {4th International Joint Conference on Autonomous Agents and Multiagent
                  Systems {(AAMAS} 2005), July 25-29, 2005, Utrecht, The Netherlands},
  pages        = {903--910},
  publisher    = {{ACM}},
  year         = {2005},
  url          = {https://doi.org/10.1145/1082473.1082610},
  doi          = {10.1145/1082473.1082610},
  timestamp    = {Fri, 26 Apr 2019 14:26:42 +0200},
  biburl       = {https://dblp.org/rec/conf/atal/SauterMPB05.bib},
  bibsource    = {dblp computer science bibliography, https://dblp.org}
}

@inproceedings{DBLP:conf/atal/OliveiraFB04,
  author       = {Denise de Oliveira and
                  Paulo Roberto Ferreira Jr. and
                  Ana L. C. Bazzan},
  title        = {A Swarm Based Approach for Task Allocation in Dynamic Agents Organizations},
  booktitle    = {3rd International Joint Conference on Autonomous Agents and Multiagent
                  Systems {(AAMAS} 2004), 19-23 August 2004, New York, NY, {USA}},
  pages        = {1252--1253},
  publisher    = {{IEEE} Computer Society},
  year         = {2004},
  url          = {https://doi.ieeecomputersociety.org/10.1109/AAMAS.2004.10156},
  doi          = {10.1109/AAMAS.2004.10156},
  timestamp    = {Fri, 24 Mar 2023 00:00:00 +0100},
  biburl       = {https://dblp.org/rec/conf/atal/OliveiraFB04.bib},
  bibsource    = {dblp computer science bibliography, https://dblp.org}
}

@inproceedings{DBLP:conf/atal/WeinsteinPCB04,
  author       = {Peter Weinstein and
                  H. Van Dyke Parunak and
                  Paul Chiusano and
                  Sven Brueckner},
  title        = {Agents Swarming in Semantic Spaces to Corroborate Hypotheses},
  booktitle    = {3rd International Joint Conference on Autonomous Agents and Multiagent
                  Systems {(AAMAS} 2004), 19-23 August 2004, New York, NY, {USA}},
  pages        = {1488--1489},
  publisher    = {{IEEE} Computer Society},
  year         = {2004},
  url          = {https://doi.ieeecomputersociety.org/10.1109/AAMAS.2004.10243},
  doi          = {10.1109/AAMAS.2004.10243},
  timestamp    = {Fri, 24 Mar 2023 00:00:00 +0100},
  biburl       = {https://dblp.org/rec/conf/atal/WeinsteinPCB04.bib},
  bibsource    = {dblp computer science bibliography, https://dblp.org}
}

