@inproceedings{DBLP:conf/ifaamas/Conati25,
  author       = {Ari Conati},
  editor       = {Sanmay Das and
                  Ann Now{\'{e}} and
                  Yevgeniy Vorobeychik},
  title        = {Collective Decision Making via Automated Reasoning},
  booktitle    = {Proceedings of the 24th International Conference on Autonomous Agents
                  and Multiagent Systems, {AAMAS} 2025, Detroit, MI, USA, May 19-23,
                  2025},
  pages        = {2926--2928},
  publisher    = {International Foundation for Autonomous Agents and Multiagent Systems
                  / {ACM}},
  year         = {2025},
  url          = {https://dl.acm.org/doi/10.5555/3709347.3744050},
  doi          = {10.5555/3709347.3744050},
  timestamp    = {Tue, 29 Jul 2025 14:24:35 +0200},
  biburl       = {https://dblp.org/rec/conf/ifaamas/Conati25.bib},
  bibsource    = {dblp computer science bibliography, https://dblp.org}
}

@inproceedings{DBLP:conf/ifaamas/YangPW0025,
  author       = {Yingxuan Yang and
                  Qiuying Peng and
                  Jun Wang and
                  Ying Wen and
                  Weinan Zhang},
  editor       = {Sanmay Das and
                  Ann Now{\'{e}} and
                  Yevgeniy Vorobeychik},
  title        = {Unlocking the Potential of Decentralized LLM-based {MAS:} Privacy
                  Preservation and Monetization in Collective Intelligence},
  booktitle    = {Proceedings of the 24th International Conference on Autonomous Agents
                  and Multiagent Systems, {AAMAS} 2025, Detroit, MI, USA, May 19-23,
                  2025},
  pages        = {2896--2900},
  publisher    = {International Foundation for Autonomous Agents and Multiagent Systems
                  / {ACM}},
  year         = {2025},
  url          = {https://dl.acm.org/doi/10.5555/3709347.3744042},
  doi          = {10.5555/3709347.3744042},
  timestamp    = {Wed, 30 Jul 2025 01:00:00 +0200},
  biburl       = {https://dblp.org/rec/conf/ifaamas/YangPW0025.bib},
  bibsource    = {dblp computer science bibliography, https://dblp.org}
}

@inproceedings{DBLP:conf/atal/AntonicZDR24,
  author       = {Nemanja Antonic and
                  Raina Zakir and
                  Marco Dorigo and
                  Andreagiovanni Reina},
  editor       = {Mehdi Dastani and
                  Jaime Sim{\~{a}}o Sichman and
                  Natasha Alechina and
                  Virginia Dignum},
  title        = {Collective Robustness of Heterogeneous Decision-Makers Against Stubborn
                  Individuals},
  booktitle    = {Proceedings of the 23rd International Conference on Autonomous Agents
                  and Multiagent Systems, {AAMAS} 2024, Auckland, New Zealand, May 6-10,
                  2024},
  pages        = {68--77},
  publisher    = {International Foundation for Autonomous Agents and Multiagent Systems
                  / {ACM}},
  year         = {2024},
  url          = {https://dl.acm.org/doi/10.5555/3635637.3662853},
  doi          = {10.5555/3635637.3662853},
  timestamp    = {Wed, 26 Jun 2024 14:06:50 +0200},
  biburl       = {https://dblp.org/rec/conf/atal/AntonicZDR24.bib},
  bibsource    = {dblp computer science bibliography, https://dblp.org}
}

@inproceedings{DBLP:conf/atal/Teh24,
  author       = {Nicholas Teh},
  editor       = {Mehdi Dastani and
                  Jaime Sim{\~{a}}o Sichman and
                  Natasha Alechina and
                  Virginia Dignum},
  title        = {Distributive and Temporal Fairness in Algorithmic Collective Decision-Making},
  booktitle    = {Proceedings of the 23rd International Conference on Autonomous Agents
                  and Multiagent Systems, {AAMAS} 2024, Auckland, New Zealand, May 6-10,
                  2024},
  pages        = {2779--2781},
  publisher    = {International Foundation for Autonomous Agents and Multiagent Systems
                  / {ACM}},
  year         = {2024},
  url          = {https://dl.acm.org/doi/10.5555/3635637.3663284},
  doi          = {10.5555/3635637.3663284},
  timestamp    = {Fri, 03 May 2024 01:00:00 +0200},
  biburl       = {https://dblp.org/rec/conf/atal/Teh24.bib},
  bibsource    = {dblp computer science bibliography, https://dblp.org}
}

@inproceedings{DBLP:conf/atal/Couzin23,
  author       = {Iain D. Couzin},
  editor       = {Noa Agmon and
                  Bo An and
                  Alessandro Ricci and
                  William Yeoh},
  title        = {Geometric Principles of Individual and Collective Decision-Making},
  booktitle    = {Proceedings of the 2023 International Conference on Autonomous Agents
                  and Multiagent Systems, {AAMAS} 2023, London, United Kingdom, 29 May
                  2023 - 2 June 2023},
  pages        = {3},
  publisher    = {{ACM}},
  year         = {2023},
  url          = {https://dl.acm.org/doi/10.5555/3545946.3598610},
  doi          = {10.5555/3545946.3598610},
  timestamp    = {Tue, 23 May 2023 14:27:14 +0200},
  biburl       = {https://dblp.org/rec/conf/atal/Couzin23.bib},
  bibsource    = {dblp computer science bibliography, https://dblp.org}
}

@inproceedings{DBLP:conf/atal/MeiZLVW23,
  author       = {Yongsheng Mei and
                  Hanhan Zhou and
                  Tian Lan and
                  Guru Venkataramani and
                  Peng Wei},
  editor       = {Noa Agmon and
                  Bo An and
                  Alessandro Ricci and
                  William Yeoh},
  title        = {{MAC-PO:} Multi-Agent Experience Replay via Collective Priority Optimization},
  booktitle    = {Proceedings of the 2023 International Conference on Autonomous Agents
                  and Multiagent Systems, {AAMAS} 2023, London, United Kingdom, 29 May
                  2023 - 2 June 2023},
  pages        = {466--475},
  publisher    = {{ACM}},
  year         = {2023},
  url          = {https://dl.acm.org/doi/10.5555/3545946.3598672},
  doi          = {10.5555/3545946.3598672},
  timestamp    = {Thu, 05 Dec 2024 00:00:00 +0100},
  biburl       = {https://dblp.org/rec/conf/atal/MeiZLVW23.bib},
  bibsource    = {dblp computer science bibliography, https://dblp.org}
}

@inproceedings{DBLP:conf/atal/TerzopoulouKSH23,
  author       = {Zoi Terzopoulou and
                  Marijn A. Keijzer and
                  Gogulapati Sreedurga and
                  Jobst Heitzig},
  editor       = {Noa Agmon and
                  Bo An and
                  Alessandro Ricci and
                  William Yeoh},
  title        = {The Rule-Tool-User Nexus in Digital Collective Decisions},
  booktitle    = {Proceedings of the 2023 International Conference on Autonomous Agents
                  and Multiagent Systems, {AAMAS} 2023, London, United Kingdom, 29 May
                  2023 - 2 June 2023},
  pages        = {1792--1796},
  publisher    = {{ACM}},
  year         = {2023},
  url          = {https://dl.acm.org/doi/10.5555/3545946.3598841},
  doi          = {10.5555/3545946.3598841},
  timestamp    = {Tue, 23 May 2023 01:00:00 +0200},
  biburl       = {https://dblp.org/rec/conf/atal/TerzopoulouKSH23.bib},
  bibsource    = {dblp computer science bibliography, https://dblp.org}
}

@inproceedings{DBLP:conf/atal/ZhaoLZLZLH23,
  author       = {Rui Zhao and
                  Xu Liu and
                  Yizheng Zhang and
                  Minghao Li and
                  Cheng Zhou and
                  Shuai Li and
                  Lei Han},
  editor       = {Noa Agmon and
                  Bo An and
                  Alessandro Ricci and
                  William Yeoh},
  title        = {CraftEnv: {A} Flexible Collective Robotic Construction Environment
                  for Multi-Agent Reinforcement Learning},
  booktitle    = {Proceedings of the 2023 International Conference on Autonomous Agents
                  and Multiagent Systems, {AAMAS} 2023, London, United Kingdom, 29 May
                  2023 - 2 June 2023},
  pages        = {1164--1172},
  publisher    = {{ACM}},
  year         = {2023},
  url          = {https://dl.acm.org/doi/10.5555/3545946.3598759},
  doi          = {10.5555/3545946.3598759},
  timestamp    = {Wed, 04 Dec 2024 00:00:00 +0100},
  biburl       = {https://dblp.org/rec/conf/atal/ZhaoLZLZLH23.bib},
  bibsource    = {dblp computer science bibliography, https://dblp.org}
}

@inproceedings{DBLP:conf/atal/GonzalezHNM22,
  author       = {Everardo Gonzalez and
                  Lucie Houel and
                  Radhika Nagpal and
                  Melinda J. D. Malley},
  editor       = {Piotr Faliszewski and
                  Viviana Mascardi and
                  Catherine Pelachaud and
                  Matthew E. Taylor},
  title        = {Influencing Emergent Self-Assembled Structures in Robotic Collectives
                  Through Traffic Control},
  booktitle    = {21st International Conference on Autonomous Agents and Multiagent
                  Systems, {AAMAS} 2022, Auckland, New Zealand, May 9-13, 2022},
  pages        = {1601--1603},
  publisher    = {International Foundation for Autonomous Agents and Multiagent Systems
                  {(IFAAMAS)}},
  year         = {2022},
  url          = {https://www.ifaamas.org/Proceedings/aamas2022/pdfs/p1601.pdf},
  doi          = {10.5555/3535850.3536048},
  timestamp    = {Mon, 18 Jul 2022 17:13:00 +0200},
  biburl       = {https://dblp.org/rec/conf/atal/GonzalezHNM22.bib},
  bibsource    = {dblp computer science bibliography, https://dblp.org}
}

@inproceedings{DBLP:conf/atal/LeafA22,
  author       = {Jennifer Leaf and
                  Julie A. Adams},
  editor       = {Piotr Faliszewski and
                  Viviana Mascardi and
                  Catherine Pelachaud and
                  Matthew E. Taylor},
  title        = {Measuring Resilience in Collective Robotic Algorithms},
  booktitle    = {21st International Conference on Autonomous Agents and Multiagent
                  Systems, {AAMAS} 2022, Auckland, New Zealand, May 9-13, 2022},
  pages        = {1666--1668},
  publisher    = {International Foundation for Autonomous Agents and Multiagent Systems
                  {(IFAAMAS)}},
  year         = {2022},
  url          = {https://www.ifaamas.org/Proceedings/aamas2022/pdfs/p1666.pdf},
  doi          = {10.5555/3535850.3536070},
  timestamp    = {Mon, 18 Jul 2022 01:00:00 +0200},
  biburl       = {https://dblp.org/rec/conf/atal/LeafA22.bib},
  bibsource    = {dblp computer science bibliography, https://dblp.org}
}

@inproceedings{DBLP:conf/atal/LoriniR22,
  author       = {Emiliano Lorini and
                  {\'{E}}loan Rapion},
  editor       = {Piotr Faliszewski and
                  Viviana Mascardi and
                  Catherine Pelachaud and
                  Matthew E. Taylor},
  title        = {Logical Theories of Collective Attitudes and the Belief Base Perspective},
  booktitle    = {21st International Conference on Autonomous Agents and Multiagent
                  Systems, {AAMAS} 2022, Auckland, New Zealand, May 9-13, 2022},
  pages        = {833--841},
  publisher    = {International Foundation for Autonomous Agents and Multiagent Systems
                  {(IFAAMAS)}},
  year         = {2022},
  url          = {https://www.ifaamas.org/Proceedings/aamas2022/pdfs/p833.pdf},
  doi          = {10.5555/3535850.3535944},
  timestamp    = {Mon, 18 Jul 2022 01:00:00 +0200},
  biburl       = {https://dblp.org/rec/conf/atal/LoriniR22.bib},
  bibsource    = {dblp computer science bibliography, https://dblp.org}
}

@inproceedings{DBLP:conf/atal/NardiBE22,
  author       = {Oliviero Nardi and
                  Arthur Boixel and
                  Ulle Endriss},
  editor       = {Piotr Faliszewski and
                  Viviana Mascardi and
                  Catherine Pelachaud and
                  Matthew E. Taylor},
  title        = {A Graph-Based Algorithm for the Automated Justification of Collective
                  Decisions},
  booktitle    = {21st International Conference on Autonomous Agents and Multiagent
                  Systems, {AAMAS} 2022, Auckland, New Zealand, May 9-13, 2022},
  pages        = {935--943},
  publisher    = {International Foundation for Autonomous Agents and Multiagent Systems
                  {(IFAAMAS)}},
  year         = {2022},
  url          = {https://www.ifaamas.org/Proceedings/aamas2022/pdfs/p935.pdf},
  doi          = {10.5555/3535850.3535955},
  timestamp    = {Mon, 18 Jul 2022 01:00:00 +0200},
  biburl       = {https://dblp.org/rec/conf/atal/NardiBE22.bib},
  bibsource    = {dblp computer science bibliography, https://dblp.org}
}

@inproceedings{DBLP:conf/atal/WangW0J022,
  author       = {Wanyuan Wang and
                  Gerong Wu and
                  Weiwei Wu and
                  Yichuan Jiang and
                  Bo An},
  editor       = {Piotr Faliszewski and
                  Viviana Mascardi and
                  Catherine Pelachaud and
                  Matthew E. Taylor},
  title        = {Online Collective Multiagent Planning by Offline Policy Reuse with
                  Applications to City-Scale Mobility-on-Demand Systems},
  booktitle    = {21st International Conference on Autonomous Agents and Multiagent
                  Systems, {AAMAS} 2022, Auckland, New Zealand, May 9-13, 2022},
  pages        = {1364--1372},
  publisher    = {International Foundation for Autonomous Agents and Multiagent Systems
                  {(IFAAMAS)}},
  year         = {2022},
  url          = {https://www.ifaamas.org/Proceedings/aamas2022/pdfs/p1364.pdf},
  doi          = {10.5555/3535850.3536002},
  timestamp    = {Mon, 18 Jul 2022 01:00:00 +0200},
  biburl       = {https://dblp.org/rec/conf/atal/WangW0J022.bib},
  bibsource    = {dblp computer science bibliography, https://dblp.org}
}

@inproceedings{DBLP:conf/atal/MerhejSMS21,
  author       = {Ramona Merhej and
                  Fernando P. Santos and
                  Francisco S. Melo and
                  Francisco C. Santos},
  editor       = {Frank Dignum and
                  Alessio Lomuscio and
                  Ulle Endriss and
                  Ann Now{\'{e}}},
  title        = {Cooperation between Independent Reinforcement Learners under Wealth
                  Inequality and Collective Risks},
  booktitle    = {{AAMAS} '21: 20th International Conference on Autonomous Agents and
                  Multiagent Systems, Virtual Event, United Kingdom, May 3-7, 2021},
  pages        = {898--906},
  publisher    = {{ACM}},
  year         = {2021},
  url          = {https://www.ifaamas.org/Proceedings/aamas2021/pdfs/p898.pdf},
  doi          = {10.5555/3463952.3464059},
  timestamp    = {Wed, 20 Jul 2022 17:03:47 +0200},
  biburl       = {https://dblp.org/rec/conf/atal/MerhejSMS21.bib},
  bibsource    = {dblp computer science bibliography, https://dblp.org}
}

@inproceedings{DBLP:conf/atal/Boixel20,
  author       = {Arthur Boixel},
  editor       = {Amal El Fallah Seghrouchni and
                  Gita Sukthankar and
                  Bo An and
                  Neil Yorke{-}Smith},
  title        = {Computer-aided Reasoning about Collective Decision Making},
  booktitle    = {Proceedings of the 19th International Conference on Autonomous Agents
                  and Multiagent Systems, {AAMAS} '20, Auckland, New Zealand, May 9-13,
                  2020},
  pages        = {2176--2178},
  publisher    = {International Foundation for Autonomous Agents and Multiagent Systems},
  year         = {2020},
  url          = {https://dl.acm.org/doi/10.5555/3398761.3399116},
  doi          = {10.5555/3398761.3399116},
  timestamp    = {Tue, 26 Jul 2022 01:00:00 +0200},
  biburl       = {https://dblp.org/rec/conf/atal/Boixel20.bib},
  bibsource    = {dblp computer science bibliography, https://dblp.org}
}

@inproceedings{DBLP:conf/atal/BoixelE20,
  author       = {Arthur Boixel and
                  Ulle Endriss},
  editor       = {Amal El Fallah Seghrouchni and
                  Gita Sukthankar and
                  Bo An and
                  Neil Yorke{-}Smith},
  title        = {Automated Justification of Collective Decisions via Constraint Solving},
  booktitle    = {Proceedings of the 19th International Conference on Autonomous Agents
                  and Multiagent Systems, {AAMAS} '20, Auckland, New Zealand, May 9-13,
                  2020},
  pages        = {168--176},
  publisher    = {International Foundation for Autonomous Agents and Multiagent Systems},
  year         = {2020},
  url          = {https://dl.acm.org/doi/10.5555/3398761.3398786},
  doi          = {10.5555/3398761.3398786},
  timestamp    = {Tue, 26 Jul 2022 01:00:00 +0200},
  biburl       = {https://dblp.org/rec/conf/atal/BoixelE20.bib},
  bibsource    = {dblp computer science bibliography, https://dblp.org}
}

@inproceedings{DBLP:conf/atal/Mosca20,
  author       = {Francesca Mosca},
  editor       = {Amal El Fallah Seghrouchni and
                  Gita Sukthankar and
                  Bo An and
                  Neil Yorke{-}Smith},
  title        = {Value-Aligned and Explainable Agents for Collective Decision Making:
                  Privacy Application},
  booktitle    = {Proceedings of the 19th International Conference on Autonomous Agents
                  and Multiagent Systems, {AAMAS} '20, Auckland, New Zealand, May 9-13,
                  2020},
  pages        = {2199--2200},
  publisher    = {International Foundation for Autonomous Agents and Multiagent Systems},
  year         = {2020},
  url          = {https://dl.acm.org/doi/10.5555/3398761.3399124},
  doi          = {10.5555/3398761.3399124},
  timestamp    = {Tue, 26 Jul 2022 01:00:00 +0200},
  biburl       = {https://dblp.org/rec/conf/atal/Mosca20.bib},
  bibsource    = {dblp computer science bibliography, https://dblp.org}
}

@inproceedings{DBLP:conf/atal/MoscaSM20,
  author       = {Francesca Mosca and
                  Jose M. Such and
                  Peter McBurney},
  editor       = {Amal El Fallah Seghrouchni and
                  Gita Sukthankar and
                  Bo An and
                  Neil Yorke{-}Smith},
  title        = {Towards a Value-driven Explainable Agent for Collective Privacy},
  booktitle    = {Proceedings of the 19th International Conference on Autonomous Agents
                  and Multiagent Systems, {AAMAS} '20, Auckland, New Zealand, May 9-13,
                  2020},
  pages        = {1937--1939},
  publisher    = {International Foundation for Autonomous Agents and Multiagent Systems},
  year         = {2020},
  url          = {https://dl.acm.org/doi/10.5555/3398761.3399033},
  doi          = {10.5555/3398761.3399033},
  timestamp    = {Tue, 26 Jul 2022 01:00:00 +0200},
  biburl       = {https://dblp.org/rec/conf/atal/MoscaSM20.bib},
  bibsource    = {dblp computer science bibliography, https://dblp.org}
}

@inproceedings{DBLP:conf/atal/Terzopoulou20,
  author       = {Zoi Terzopoulou},
  editor       = {Amal El Fallah Seghrouchni and
                  Gita Sukthankar and
                  Bo An and
                  Neil Yorke{-}Smith},
  title        = {Incomplete Opinions in Collective Decision Making},
  booktitle    = {Proceedings of the 19th International Conference on Autonomous Agents
                  and Multiagent Systems, {AAMAS} '20, Auckland, New Zealand, May 9-13,
                  2020},
  pages        = {2222--2224},
  publisher    = {International Foundation for Autonomous Agents and Multiagent Systems},
  year         = {2020},
  url          = {https://dl.acm.org/doi/10.5555/3398761.3399133},
  doi          = {10.5555/3398761.3399133},
  timestamp    = {Tue, 26 Jul 2022 01:00:00 +0200},
  biburl       = {https://dblp.org/rec/conf/atal/Terzopoulou20.bib},
  bibsource    = {dblp computer science bibliography, https://dblp.org}
}

@inproceedings{DBLP:conf/atal/AudritoBDV19,
  author       = {Giorgio Audrito and
                  Sergio Bergamini and
                  Ferruccio Damiani and
                  Mirko Viroli},
  editor       = {Edith Elkind and
                  Manuela Veloso and
                  Noa Agmon and
                  Matthew E. Taylor},
  title        = {Effective Collective Summarisation of Distributed Data in Mobile Multi-Agent
                  Systems},
  booktitle    = {Proceedings of the 18th International Conference on Autonomous Agents
                  and MultiAgent Systems, {AAMAS} '19, Montreal, QC, Canada, May 13-17,
                  2019},
  pages        = {1618--1626},
  publisher    = {International Foundation for Autonomous Agents and Multiagent Systems},
  year         = {2019},
  url          = {http://dl.acm.org/citation.cfm?id=3331882},
  timestamp    = {Wed, 29 May 2019 16:36:58 +0200},
  biburl       = {https://dblp.org/rec/conf/atal/AudritoBDV19.bib},
  bibsource    = {dblp computer science bibliography, https://dblp.org}
}

@inproceedings{DBLP:conf/atal/SantosMSCGP19,
  author       = {Fernando P. Santos and
                  Samuel Francisco Mascarenhas and
                  Francisco C. Santos and
                  Filipa Correia and
                  Samuel Gomes and
                  Ana Paiva},
  editor       = {Edith Elkind and
                  Manuela Veloso and
                  Noa Agmon and
                  Matthew E. Taylor},
  title        = {Outcome-based Partner Selection in Collective Risk Dilemmas},
  booktitle    = {Proceedings of the 18th International Conference on Autonomous Agents
                  and MultiAgent Systems, {AAMAS} '19, Montreal, QC, Canada, May 13-17,
                  2019},
  pages        = {1556--1564},
  publisher    = {International Foundation for Autonomous Agents and Multiagent Systems},
  year         = {2019},
  url          = {http://dl.acm.org/citation.cfm?id=3331873},
  timestamp    = {Tue, 11 Jan 2022 00:00:00 +0100},
  biburl       = {https://dblp.org/rec/conf/atal/SantosMSCGP19.bib},
  bibsource    = {dblp computer science bibliography, https://dblp.org}
}

@inproceedings{DBLP:conf/atal/YangHZHF19,
  author       = {Yaodong Yang and
                  Jianye Hao and
                  Yan Zheng and
                  Xiaotian Hao and
                  Bofeng Fu},
  editor       = {Edith Elkind and
                  Manuela Veloso and
                  Noa Agmon and
                  Matthew E. Taylor},
  title        = {Large-Scale Home Energy Management Using Entropy-Based Collective
                  Multiagent Reinforcement Learning Framework},
  booktitle    = {Proceedings of the 18th International Conference on Autonomous Agents
                  and MultiAgent Systems, {AAMAS} '19, Montreal, QC, Canada, May 13-17,
                  2019},
  pages        = {2285--2287},
  publisher    = {International Foundation for Autonomous Agents and Multiagent Systems},
  year         = {2019},
  url          = {http://dl.acm.org/citation.cfm?id=3332086},
  timestamp    = {Mon, 03 Jun 2024 01:00:00 +0200},
  biburl       = {https://dblp.org/rec/conf/atal/YangHZHF19.bib},
  bibsource    = {dblp computer science bibliography, https://dblp.org}
}

@inproceedings{DBLP:conf/atal/BecchettiBN18,
  author       = {Luca Becchetti and
                  Vincenzo Bonifaci and
                  Emanuele Natale},
  editor       = {Elisabeth Andr{\'{e}} and
                  Sven Koenig and
                  Mehdi Dastani and
                  Gita Sukthankar},
  title        = {Pooling or Sampling: Collective Dynamics for Electrical Flow Estimation},
  booktitle    = {Proceedings of the 17th International Conference on Autonomous Agents
                  and MultiAgent Systems, {AAMAS} 2018, Stockholm, Sweden, July 10-15,
                  2018},
  pages        = {1576--1584},
  publisher    = {International Foundation for Autonomous Agents and Multiagent Systems
                  Richland, SC, {USA} / {ACM}},
  year         = {2018},
  url          = {http://dl.acm.org/citation.cfm?id=3237935},
  timestamp    = {Sat, 30 Sep 2023 09:34:53 +0200},
  biburl       = {https://dblp.org/rec/conf/atal/BecchettiBN18.bib},
  bibsource    = {dblp computer science bibliography, https://dblp.org}
}

@inproceedings{DBLP:conf/atal/BucchiaroneFJKM18,
  author       = {Antonio Bucchiarone and
                  Daniel Furelos{-}Blanco and
                  Anders Jonsson and
                  Fahmida Khandokar and
                  Monjur M. Mourshed},
  editor       = {Elisabeth Andr{\'{e}} and
                  Sven Koenig and
                  Mehdi Dastani and
                  Gita Sukthankar},
  title        = {Collective Adaptation through Concurrent Planning: the Case of Sustainable
                  Urban Mobility},
  booktitle    = {Proceedings of the 17th International Conference on Autonomous Agents
                  and MultiAgent Systems, {AAMAS} 2018, Stockholm, Sweden, July 10-15,
                  2018},
  pages        = {1880--1882},
  publisher    = {International Foundation for Autonomous Agents and Multiagent Systems
                  Richland, SC, {USA} / {ACM}},
  year         = {2018},
  url          = {http://dl.acm.org/citation.cfm?id=3238010},
  timestamp    = {Wed, 24 Jan 2024 00:00:00 +0100},
  biburl       = {https://dblp.org/rec/conf/atal/BucchiaroneFJKM18.bib},
  bibsource    = {dblp computer science bibliography, https://dblp.org}
}

@inproceedings{DBLP:conf/atal/EbertGN18,
  author       = {Julia T. Ebert and
                  Melvin Gauci and
                  Radhika Nagpal},
  editor       = {Elisabeth Andr{\'{e}} and
                  Sven Koenig and
                  Mehdi Dastani and
                  Gita Sukthankar},
  title        = {Multi-Feature Collective Decision Making in Robot Swarms},
  booktitle    = {Proceedings of the 17th International Conference on Autonomous Agents
                  and MultiAgent Systems, {AAMAS} 2018, Stockholm, Sweden, July 10-15,
                  2018},
  pages        = {1711--1719},
  publisher    = {International Foundation for Autonomous Agents and Multiagent Systems
                  Richland, SC, {USA} / {ACM}},
  year         = {2018},
  url          = {http://dl.acm.org/citation.cfm?id=3237953},
  timestamp    = {Mon, 16 Jul 2018 01:00:00 +0200},
  biburl       = {https://dblp.org/rec/conf/atal/EbertGN18.bib},
  bibsource    = {dblp computer science bibliography, https://dblp.org}
}

@inproceedings{DBLP:conf/atal/Furelos-BlancoB18,
  author       = {Daniel Furelos{-}Blanco and
                  Antonio Bucchiarone and
                  Anders Jonsson},
  editor       = {Elisabeth Andr{\'{e}} and
                  Sven Koenig and
                  Mehdi Dastani and
                  Gita Sukthankar},
  title        = {CARPooL: Collective Adaptation using concuRrent PLanning},
  booktitle    = {Proceedings of the 17th International Conference on Autonomous Agents
                  and MultiAgent Systems, {AAMAS} 2018, Stockholm, Sweden, July 10-15,
                  2018},
  pages        = {1815--1817},
  publisher    = {International Foundation for Autonomous Agents and Multiagent Systems
                  Richland, SC, {USA} / {ACM}},
  year         = {2018},
  url          = {http://dl.acm.org/citation.cfm?id=3237987},
  timestamp    = {Wed, 24 Jan 2024 00:00:00 +0100},
  biburl       = {https://dblp.org/rec/conf/atal/Furelos-BlancoB18.bib},
  bibsource    = {dblp computer science bibliography, https://dblp.org}
}

@inproceedings{DBLP:conf/atal/NovaroGLL18,
  author       = {Arianna Novaro and
                  Umberto Grandi and
                  Dominique Longin and
                  Emiliano Lorini},
  editor       = {Elisabeth Andr{\'{e}} and
                  Sven Koenig and
                  Mehdi Dastani and
                  Gita Sukthankar},
  title        = {From Individual Goals to Collective Decisions},
  booktitle    = {Proceedings of the 17th International Conference on Autonomous Agents
                  and MultiAgent Systems, {AAMAS} 2018, Stockholm, Sweden, July 10-15,
                  2018},
  pages        = {2028--2030},
  publisher    = {International Foundation for Autonomous Agents and Multiagent Systems
                  Richland, SC, {USA} / {ACM}},
  year         = {2018},
  url          = {http://dl.acm.org/citation.cfm?id=3238060},
  timestamp    = {Mon, 16 Jul 2018 01:00:00 +0200},
  biburl       = {https://dblp.org/rec/conf/atal/NovaroGLL18.bib},
  bibsource    = {dblp computer science bibliography, https://dblp.org}
}

@inproceedings{DBLP:conf/atal/PascualRS18,
  author       = {Fanny Pascual and
                  Krzysztof Rzadca and
                  Piotr Skowron},
  editor       = {Elisabeth Andr{\'{e}} and
                  Sven Koenig and
                  Mehdi Dastani and
                  Gita Sukthankar},
  title        = {Collective Schedules: Scheduling Meets Computational Social Choice},
  booktitle    = {Proceedings of the 17th International Conference on Autonomous Agents
                  and MultiAgent Systems, {AAMAS} 2018, Stockholm, Sweden, July 10-15,
                  2018},
  pages        = {667--675},
  publisher    = {International Foundation for Autonomous Agents and Multiagent Systems
                  Richland, SC, {USA} / {ACM}},
  year         = {2018},
  url          = {http://dl.acm.org/citation.cfm?id=3237482},
  timestamp    = {Fri, 09 Oct 2020 01:00:00 +0200},
  biburl       = {https://dblp.org/rec/conf/atal/PascualRS18.bib},
  bibsource    = {dblp computer science bibliography, https://dblp.org}
}

@inproceedings{DBLP:conf/atal/RostamiKKE18,
  author       = {Mohammad Rostami and
                  Soheil Kolouri and
                  Kyungnam Kim and
                  Eric Eaton},
  editor       = {Elisabeth Andr{\'{e}} and
                  Sven Koenig and
                  Mehdi Dastani and
                  Gita Sukthankar},
  title        = {Multi-Agent Distributed Lifelong Learning for Collective Knowledge
                  Acquisition},
  booktitle    = {Proceedings of the 17th International Conference on Autonomous Agents
                  and MultiAgent Systems, {AAMAS} 2018, Stockholm, Sweden, July 10-15,
                  2018},
  pages        = {712--720},
  publisher    = {International Foundation for Autonomous Agents and Multiagent Systems
                  Richland, SC, {USA} / {ACM}},
  year         = {2018},
  url          = {http://dl.acm.org/citation.cfm?id=3237489},
  timestamp    = {Mon, 16 Jul 2018 01:00:00 +0200},
  biburl       = {https://dblp.org/rec/conf/atal/RostamiKKE18.bib},
  bibsource    = {dblp computer science bibliography, https://dblp.org}
}

@inproceedings{DBLP:conf/atal/StrobelFD18,
  author       = {Volker Strobel and
                  Eduardo Castell{\'{o}} Ferrer and
                  Marco Dorigo},
  editor       = {Elisabeth Andr{\'{e}} and
                  Sven Koenig and
                  Mehdi Dastani and
                  Gita Sukthankar},
  title        = {Managing Byzantine Robots via Blockchain Technology in a Swarm Robotics
                  Collective Decision Making Scenario},
  booktitle    = {Proceedings of the 17th International Conference on Autonomous Agents
                  and MultiAgent Systems, {AAMAS} 2018, Stockholm, Sweden, July 10-15,
                  2018},
  pages        = {541--549},
  publisher    = {International Foundation for Autonomous Agents and Multiagent Systems
                  Richland, SC, {USA} / {ACM}},
  year         = {2018},
  url          = {http://dl.acm.org/citation.cfm?id=3237464},
  timestamp    = {Mon, 16 Jul 2018 01:00:00 +0200},
  biburl       = {https://dblp.org/rec/conf/atal/StrobelFD18.bib},
  bibsource    = {dblp computer science bibliography, https://dblp.org}
}

@inproceedings{DBLP:conf/atal/GauciORN17,
  author       = {Melvin Gauci and
                  Monica E. Ortiz and
                  Michael Rubenstein and
                  Radhika Nagpal},
  editor       = {Kate Larson and
                  Michael Winikoff and
                  Sanmay Das and
                  Edmund H. Durfee},
  title        = {Error Cascades in Collective Behavior: {A} Case Study of the Gradient
                  Algorithm on 1000 Physical Agents},
  booktitle    = {Proceedings of the 16th Conference on Autonomous Agents and MultiAgent
                  Systems, {AAMAS} 2017, S{\~{a}}o Paulo, Brazil, May 8-12, 2017},
  pages        = {1404--1412},
  publisher    = {{ACM}},
  year         = {2017},
  url          = {http://dl.acm.org/citation.cfm?id=3091319},
  timestamp    = {Wed, 27 Sep 2017 07:24:00 +0200},
  biburl       = {https://dblp.org/rec/conf/atal/GauciORN17.bib},
  bibsource    = {dblp computer science bibliography, https://dblp.org}
}

@inproceedings{DBLP:conf/atal/HuangN17,
  author       = {Chien{-}Lun Huang and
                  Geoff Nitschke},
  editor       = {Kate Larson and
                  Michael Winikoff and
                  Sanmay Das and
                  Edmund H. Durfee},
  title        = {Evolving Collective Driving Behaviors},
  booktitle    = {Proceedings of the 16th Conference on Autonomous Agents and MultiAgent
                  Systems, {AAMAS} 2017, S{\~{a}}o Paulo, Brazil, May 8-12, 2017},
  pages        = {1573--1574},
  publisher    = {{ACM}},
  year         = {2017},
  url          = {http://dl.acm.org/citation.cfm?id=3091366},
  timestamp    = {Thu, 11 May 2017 01:00:00 +0200},
  biburl       = {https://dblp.org/rec/conf/atal/HuangN17.bib},
  bibsource    = {dblp computer science bibliography, https://dblp.org}
}

@inproceedings{DBLP:conf/atal/LangMSZ17,
  author       = {J{\'{e}}r{\^{o}}me Lang and
                  J{\'{e}}r{\^{o}}me Monnot and
                  Arkadii Slinko and
                  William S. Zwicker},
  editor       = {Kate Larson and
                  Michael Winikoff and
                  Sanmay Das and
                  Edmund H. Durfee},
  title        = {Beyond Electing and Ranking: Collective Dominating Chains, Dominating
                  Subsets and Dichotomies},
  booktitle    = {Proceedings of the 16th Conference on Autonomous Agents and MultiAgent
                  Systems, {AAMAS} 2017, S{\~{a}}o Paulo, Brazil, May 8-12, 2017},
  pages        = {24--32},
  publisher    = {{ACM}},
  year         = {2017},
  url          = {http://dl.acm.org/citation.cfm?id=3091135},
  timestamp    = {Thu, 11 May 2017 01:00:00 +0200},
  biburl       = {https://dblp.org/rec/conf/atal/LangMSZ17.bib},
  bibsource    = {dblp computer science bibliography, https://dblp.org}
}

@inproceedings{DBLP:conf/atal/GaspariniNKCM15,
  author       = {Luca Gasparini and
                  Timothy J. Norman and
                  Martin J. Kollingbaum and
                  Liang Chen and
                  John{-}Jules Ch. Meyer},
  editor       = {Gerhard Weiss and
                  Pinar Yolum and
                  Rafael H. Bordini and
                  Edith Elkind},
  title        = {Verifying Normative System Specification containing Collective Imperatives
                  and Deadlines},
  booktitle    = {Proceedings of the 2015 International Conference on Autonomous Agents
                  and Multiagent Systems, {AAMAS} 2015, Istanbul, Turkey, May 4-8, 2015},
  pages        = {1821--1822},
  publisher    = {{ACM}},
  year         = {2015},
  url          = {http://dl.acm.org/citation.cfm?id=2773454},
  timestamp    = {Tue, 08 Mar 2022 10:12:47 +0100},
  biburl       = {https://dblp.org/rec/conf/atal/GaspariniNKCM15.bib},
  bibsource    = {dblp computer science bibliography, https://dblp.org}
}

@inproceedings{DBLP:conf/atal/HaoSHCY15,
  author       = {Jianye Hao and
                  Jun Sun and
                  Dongping Huang and
                  Yi Cai and
                  Chao Yu},
  editor       = {Gerhard Weiss and
                  Pinar Yolum and
                  Rafael H. Bordini and
                  Edith Elkind},
  title        = {Heuristic Collective Learning for Efficient and Robust Emergence of
                  Social Norms},
  booktitle    = {Proceedings of the 2015 International Conference on Autonomous Agents
                  and Multiagent Systems, {AAMAS} 2015, Istanbul, Turkey, May 4-8, 2015},
  pages        = {1647--1648},
  publisher    = {{ACM}},
  year         = {2015},
  url          = {http://dl.acm.org/citation.cfm?id=2773366},
  timestamp    = {Fri, 26 Jul 2024 01:00:00 +0200},
  biburl       = {https://dblp.org/rec/conf/atal/HaoSHCY15.bib},
  bibsource    = {dblp computer science bibliography, https://dblp.org}
}

@inproceedings{DBLP:conf/atal/JiangZPZ15,
  author       = {Guifei Jiang and
                  Dongmo Zhang and
                  Laurent Perrussel and
                  Heng Zhang},
  editor       = {Gerhard Weiss and
                  Pinar Yolum and
                  Rafael H. Bordini and
                  Edith Elkind},
  title        = {A Logic for Collective Choice},
  booktitle    = {Proceedings of the 2015 International Conference on Autonomous Agents
                  and Multiagent Systems, {AAMAS} 2015, Istanbul, Turkey, May 4-8, 2015},
  pages        = {979--987},
  publisher    = {{ACM}},
  year         = {2015},
  url          = {http://dl.acm.org/citation.cfm?id=2773277},
  timestamp    = {Thu, 08 Apr 2021 01:00:00 +0200},
  biburl       = {https://dblp.org/rec/conf/atal/JiangZPZ15.bib},
  bibsource    = {dblp computer science bibliography, https://dblp.org}
}

@inproceedings{DBLP:conf/atal/RamchurnHIFWMJF15,
  author       = {Sarvapali D. Ramchurn and
                  Trung Dong Huynh and
                  Yuki Ikuno and
                  Jack Flann and
                  Feng Wu and
                  Luc Moreau and
                  Nicholas R. Jennings and
                  Joel E. Fischer and
                  Wenchao Jiang and
                  Tom Rodden and
                  Edwin Simpson and
                  Steven Reece and
                  Stephen J. Roberts},
  editor       = {Gerhard Weiss and
                  Pinar Yolum and
                  Rafael H. Bordini and
                  Edith Elkind},
  title        = {{HAC-ER:} {A} Disaster Response System based on Human-Agent Collectives},
  booktitle    = {Proceedings of the 2015 International Conference on Autonomous Agents
                  and Multiagent Systems, {AAMAS} 2015, Istanbul, Turkey, May 4-8, 2015},
  pages        = {533--541},
  publisher    = {{ACM}},
  year         = {2015},
  url          = {http://dl.acm.org/citation.cfm?id=2772947},
  timestamp    = {Mon, 11 May 2020 01:00:00 +0200},
  biburl       = {https://dblp.org/rec/conf/atal/RamchurnHIFWMJF15.bib},
  bibsource    = {dblp computer science bibliography, https://dblp.org}
}

@inproceedings{DBLP:conf/atal/RamchurnHIFWMJF15a,
  author       = {Sarvapali D. Ramchurn and
                  Trung Dong Huynh and
                  Yuki Ikuno and
                  Jack Flann and
                  Feng Wu and
                  Luc Moreau and
                  Nicholas R. Jennings and
                  Joel E. Fischer and
                  Wenchao Jiang and
                  Tom Rodden and
                  Edwin Simpson and
                  Steven Reece and
                  Stephen J. Roberts},
  editor       = {Gerhard Weiss and
                  Pinar Yolum and
                  Rafael H. Bordini and
                  Edith Elkind},
  title        = {{HAC-ER:} {A} Disaster Response System based on Human-Agent Collectives},
  booktitle    = {Proceedings of the 2015 International Conference on Autonomous Agents
                  and Multiagent Systems, {AAMAS} 2015, Istanbul, Turkey, May 4-8, 2015},
  pages        = {1921--1922},
  publisher    = {{ACM}},
  year         = {2015},
  url          = {http://dl.acm.org/citation.cfm?id=2773505},
  timestamp    = {Mon, 11 May 2020 01:00:00 +0200},
  biburl       = {https://dblp.org/rec/conf/atal/RamchurnHIFWMJF15a.bib},
  bibsource    = {dblp computer science bibliography, https://dblp.org}
}

@inproceedings{DBLP:conf/atal/ShaukatC15,
  author       = {Mansoor Shaukat and
                  Mandar A. Chitre},
  editor       = {Gerhard Weiss and
                  Pinar Yolum and
                  Rafael H. Bordini and
                  Edith Elkind},
  title        = {Bio-inspired Practicalities: Collective Behaviour using Passive Neighbourhood
                  Sensing},
  booktitle    = {Proceedings of the 2015 International Conference on Autonomous Agents
                  and Multiagent Systems, {AAMAS} 2015, Istanbul, Turkey, May 4-8, 2015},
  pages        = {267--277},
  publisher    = {{ACM}},
  year         = {2015},
  url          = {http://dl.acm.org/citation.cfm?id=2772916},
  timestamp    = {Mon, 14 Oct 2019 01:00:00 +0200},
  biburl       = {https://dblp.org/rec/conf/atal/ShaukatC15.bib},
  bibsource    = {dblp computer science bibliography, https://dblp.org}
}

@inproceedings{DBLP:conf/atal/BrownG14,
  author       = {Daniel S. Brown and
                  Michael A. Goodrich},
  editor       = {Ana L. C. Bazzan and
                  Michael N. Huhns and
                  Alessio Lomuscio and
                  Paul Scerri},
  title        = {Limited bandwidth recognition of collective behaviors in bio-inspired
                  swarms},
  booktitle    = {International conference on Autonomous Agents and Multi-Agent Systems,
                  {AAMAS} '14, Paris, France, May 5-9, 2014},
  pages        = {405--412},
  publisher    = {{IFAAMAS/ACM}},
  year         = {2014},
  url          = {http://dl.acm.org/citation.cfm?id=2615798},
  timestamp    = {Thu, 25 Sep 2014 07:46:15 +0200},
  biburl       = {https://dblp.org/rec/conf/atal/BrownG14.bib},
  bibsource    = {dblp computer science bibliography, https://dblp.org}
}

@inproceedings{DBLP:conf/atal/KorkmazKMMV14,
  author       = {Gizem Korkmaz and
                  Chris J. Kuhlman and
                  Achla Marathe and
                  Madhav V. Marathe and
                  Fernando Vega{-}Redondo},
  editor       = {Ana L. C. Bazzan and
                  Michael N. Huhns and
                  Alessio Lomuscio and
                  Paul Scerri},
  title        = {Collective action through common knowledge using a facebook model},
  booktitle    = {International conference on Autonomous Agents and Multi-Agent Systems,
                  {AAMAS} '14, Paris, France, May 5-9, 2014},
  pages        = {253--260},
  publisher    = {{IFAAMAS/ACM}},
  year         = {2014},
  url          = {http://dl.acm.org/citation.cfm?id=2615774},
  timestamp    = {Thu, 25 Sep 2014 01:00:00 +0200},
  biburl       = {https://dblp.org/rec/conf/atal/KorkmazKMMV14.bib},
  bibsource    = {dblp computer science bibliography, https://dblp.org}
}

@inproceedings{DBLP:conf/atal/KrugerEFQ14,
  author       = {Justin Kruger and
                  Ulle Endriss and
                  Raquel Fern{\'{a}}ndez and
                  Ciyang Qing},
  editor       = {Ana L. C. Bazzan and
                  Michael N. Huhns and
                  Alessio Lomuscio and
                  Paul Scerri},
  title        = {Axiomatic analysis of aggregation methods for collective annotation},
  booktitle    = {International conference on Autonomous Agents and Multi-Agent Systems,
                  {AAMAS} '14, Paris, France, May 5-9, 2014},
  pages        = {1185--1192},
  publisher    = {{IFAAMAS/ACM}},
  year         = {2014},
  url          = {http://dl.acm.org/citation.cfm?id=2617437},
  timestamp    = {Fri, 26 Sep 2014 01:00:00 +0200},
  biburl       = {https://dblp.org/rec/conf/atal/KrugerEFQ14.bib},
  bibsource    = {dblp computer science bibliography, https://dblp.org}
}

@inproceedings{DBLP:conf/atal/LeePM14,
  author       = {Wonsung Lee and
                  Sungrae Park and
                  Il{-}Chul Moon},
  editor       = {Ana L. C. Bazzan and
                  Michael N. Huhns and
                  Alessio Lomuscio and
                  Paul Scerri},
  title        = {Modeling multiple fields of collective emotions with brownian agent-based
                  model},
  booktitle    = {International conference on Autonomous Agents and Multi-Agent Systems,
                  {AAMAS} '14, Paris, France, May 5-9, 2014},
  pages        = {797--804},
  publisher    = {{IFAAMAS/ACM}},
  year         = {2014},
  url          = {http://dl.acm.org/citation.cfm?id=2615859},
  timestamp    = {Thu, 25 Sep 2014 01:00:00 +0200},
  biburl       = {https://dblp.org/rec/conf/atal/LeePM14.bib},
  bibsource    = {dblp computer science bibliography, https://dblp.org}
}

@inproceedings{DBLP:conf/atal/RamchurnWJFRGRJR14,
  author       = {Sarvapali D. Ramchurn and
                  Feng Wu and
                  Wenchao Jiang and
                  Joel E. Fischer and
                  Steven Reece and
                  Chris Greenhalgh and
                  Tom Rodden and
                  Nicholas R. Jennings and
                  Stephen J. Roberts},
  editor       = {Ana L. C. Bazzan and
                  Michael N. Huhns and
                  Alessio Lomuscio and
                  Paul Scerri},
  title        = {AtomicOrchid: human-agent collectives to the rescue},
  booktitle    = {International conference on Autonomous Agents and Multi-Agent Systems,
                  {AAMAS} '14, Paris, France, May 5-9, 2014},
  pages        = {1693--1694},
  publisher    = {{IFAAMAS/ACM}},
  year         = {2014},
  url          = {http://dl.acm.org/citation.cfm?id=2616129},
  timestamp    = {Mon, 11 May 2020 01:00:00 +0200},
  biburl       = {https://dblp.org/rec/conf/atal/RamchurnWJFRGRJR14.bib},
  bibsource    = {dblp computer science bibliography, https://dblp.org}
}

@inproceedings{DBLP:conf/atal/ReinaDT14,
  author       = {Andreagiovanni Reina and
                  Marco Dorigo and
                  Vito Trianni},
  editor       = {Ana L. C. Bazzan and
                  Michael N. Huhns and
                  Alessio Lomuscio and
                  Paul Scerri},
  title        = {Collective decision making in distributed systems inspired by honeybees
                  behaviour},
  booktitle    = {International conference on Autonomous Agents and Multi-Agent Systems,
                  {AAMAS} '14, Paris, France, May 5-9, 2014},
  pages        = {1421--1422},
  publisher    = {{IFAAMAS/ACM}},
  year         = {2014},
  url          = {http://dl.acm.org/citation.cfm?id=2617503},
  timestamp    = {Thu, 25 Sep 2014 01:00:00 +0200},
  biburl       = {https://dblp.org/rec/conf/atal/ReinaDT14.bib},
  bibsource    = {dblp computer science bibliography, https://dblp.org}
}

@inproceedings{DBLP:conf/atal/Valentini14,
  author       = {Gabriele Valentini},
  editor       = {Ana L. C. Bazzan and
                  Michael N. Huhns and
                  Alessio Lomuscio and
                  Paul Scerri},
  title        = {Self-organized collective decision-making in swarms of autonomous
                  robots},
  booktitle    = {International conference on Autonomous Agents and Multi-Agent Systems,
                  {AAMAS} '14, Paris, France, May 5-9, 2014},
  pages        = {1703--1704},
  publisher    = {{IFAAMAS/ACM}},
  year         = {2014},
  url          = {http://dl.acm.org/citation.cfm?id=2616135},
  timestamp    = {Thu, 25 Sep 2014 01:00:00 +0200},
  biburl       = {https://dblp.org/rec/conf/atal/Valentini14.bib},
  bibsource    = {dblp computer science bibliography, https://dblp.org}
}

@inproceedings{DBLP:conf/atal/ValentiniHD14,
  author       = {Gabriele Valentini and
                  Heiko Hamann and
                  Marco Dorigo},
  editor       = {Ana L. C. Bazzan and
                  Michael N. Huhns and
                  Alessio Lomuscio and
                  Paul Scerri},
  title        = {Self-organized collective decision making: the weighted voter model},
  booktitle    = {International conference on Autonomous Agents and Multi-Agent Systems,
                  {AAMAS} '14, Paris, France, May 5-9, 2014},
  pages        = {45--52},
  publisher    = {{IFAAMAS/ACM}},
  year         = {2014},
  url          = {http://dl.acm.org/citation.cfm?id=2615742},
  timestamp    = {Thu, 25 Sep 2014 01:00:00 +0200},
  biburl       = {https://dblp.org/rec/conf/atal/ValentiniHD14.bib},
  bibsource    = {dblp computer science bibliography, https://dblp.org}
}

@inproceedings{DBLP:conf/atal/LiVK13,
  author       = {Minyi Li and
                  Quoc Bao Vo and
                  Ryszard Kowalczyk},
  editor       = {Maria L. Gini and
                  Onn Shehory and
                  Takayuki Ito and
                  Catholijn M. Jonker},
  title        = {A distributed protocol for collective decision-making in combinatorial
                  domains},
  booktitle    = {International conference on Autonomous Agents and Multi-Agent Systems,
                  {AAMAS} '13, Saint Paul, MN, USA, May 6-10, 2013},
  pages        = {1117--1118},
  publisher    = {{IFAAMAS}},
  year         = {2013},
  url          = {http://dl.acm.org/citation.cfm?id=2485099},
  timestamp    = {Thu, 09 Sep 2021 16:09:54 +0200},
  biburl       = {https://dblp.org/rec/conf/atal/LiVK13.bib},
  bibsource    = {dblp computer science bibliography, https://dblp.org}
}

@inproceedings{DBLP:conf/atal/RubensteinCWHMN13,
  author       = {Michael Rubenstein and
                  Adrian Cabrera and
                  Justin Werfel and
                  Golnaz Habibi and
                  James McLurkin and
                  Radhika Nagpal},
  editor       = {Maria L. Gini and
                  Onn Shehory and
                  Takayuki Ito and
                  Catholijn M. Jonker},
  title        = {Collective transport of complex objects by simple robots: theory and
                  experiments},
  booktitle    = {International conference on Autonomous Agents and Multi-Agent Systems,
                  {AAMAS} '13, Saint Paul, MN, USA, May 6-10, 2013},
  pages        = {47--54},
  publisher    = {{IFAAMAS}},
  year         = {2013},
  url          = {http://dl.acm.org/citation.cfm?id=2484932},
  timestamp    = {Fri, 28 Jun 2013 01:00:00 +0200},
  biburl       = {https://dblp.org/rec/conf/atal/RubensteinCWHMN13.bib},
  bibsource    = {dblp computer science bibliography, https://dblp.org}
}

@inproceedings{DBLP:conf/atal/SaA13,
  author       = {Samy S{\'{a}} and
                  Jo{\~{a}}o F. L. Alc{\^{a}}ntara},
  editor       = {Maria L. Gini and
                  Onn Shehory and
                  Takayuki Ito and
                  Catholijn M. Jonker},
  title        = {Preferences with qualitative thresholds and methods for individual
                  and collective decisions},
  booktitle    = {International conference on Autonomous Agents and Multi-Agent Systems,
                  {AAMAS} '13, Saint Paul, MN, USA, May 6-10, 2013},
  pages        = {1247--1248},
  publisher    = {{IFAAMAS}},
  year         = {2013},
  url          = {http://dl.acm.org/citation.cfm?id=2485166},
  timestamp    = {Tue, 27 Aug 2019 01:00:00 +0200},
  biburl       = {https://dblp.org/rec/conf/atal/SaA13.bib},
  bibsource    = {dblp computer science bibliography, https://dblp.org}
}

@inproceedings{DBLP:conf/atal/YuZRL13,
  author       = {Chao Yu and
                  Minjie Zhang and
                  Fenghui Ren and
                  Xudong Luo},
  editor       = {Maria L. Gini and
                  Onn Shehory and
                  Takayuki Ito and
                  Catholijn M. Jonker},
  title        = {Emergence of social norms through collective learning in networked
                  agent societies},
  booktitle    = {International conference on Autonomous Agents and Multi-Agent Systems,
                  {AAMAS} '13, Saint Paul, MN, USA, May 6-10, 2013},
  pages        = {475--482},
  publisher    = {{IFAAMAS}},
  year         = {2013},
  url          = {http://dl.acm.org/citation.cfm?id=2484997},
  timestamp    = {Sun, 23 Apr 2023 01:00:00 +0200},
  biburl       = {https://dblp.org/rec/conf/atal/YuZRL13.bib},
  bibsource    = {dblp computer science bibliography, https://dblp.org}
}

@inproceedings{DBLP:conf/atal/CentenoHS10,
  author       = {Roberto Centeno and
                  Ram{\'{o}}n Hermoso and
                  Viviane Torres da Silva},
  editor       = {Marina De Vos and
                  Nicoletta Fornara and
                  Jeremy V. Pitt and
                  George A. Vouros},
  title        = {Building Reputation-Based Agreements: Collective Opinions as Information
                  Sources},
  booktitle    = {Coordination, Organizations, Institutions, and Norms in Agent Systems
                  {VI} - {COIN} 2010 International Workshops, COIN@AAMAS 2010, Toronto,
                  Canada, May 2010, COIN@MALLOW 2010, Lyon, France, August 2010, Revised
                  Selected Papers},
  series       = {Lecture Notes in Computer Science},
  volume       = {6541},
  pages        = {58--76},
  publisher    = {Springer},
  year         = {2010},
  url          = {https://doi.org/10.1007/978-3-642-21268-0\_4},
  doi          = {10.1007/978-3-642-21268-0\_4},
  timestamp    = {Sun, 12 Nov 2023 02:14:52 +0100},
  biburl       = {https://dblp.org/rec/conf/atal/CentenoHS10.bib},
  bibsource    = {dblp computer science bibliography, https://dblp.org}
}

@inproceedings{DBLP:conf/atal/MermoudMEM10,
  author       = {Gr{\'{e}}gory Mermoud and
                  Lo{\"{\i}}c Matthey and
                  William C. Evans and
                  Alcherio Martinoli},
  editor       = {Wiebe van der Hoek and
                  Gal A. Kaminka and
                  Yves Lesp{\'{e}}rance and
                  Michael Luck and
                  Sandip Sen},
  title        = {Aggregation-mediated collective perception and action in a group of
                  miniature robots},
  booktitle    = {9th International Conference on Autonomous Agents and Multiagent Systems
                  {(AAMAS} 2010), Toronto, Canada, May 10-14, 2010, Volume 1-3},
  pages        = {599--606},
  publisher    = {{IFAAMAS}},
  year         = {2010},
  url          = {https://dl.acm.org/citation.cfm?id=1838185},
  timestamp    = {Fri, 30 Nov 2018 00:00:00 +0100},
  biburl       = {https://dblp.org/rec/conf/atal/MermoudMEM10.bib},
  bibsource    = {dblp computer science bibliography, https://dblp.org}
}

@inproceedings{DBLP:conf/atal/PereiraCSL10,
  author       = {Jos{\'{e}} N. Pereira and
                  Anders Lyhne Christensen and
                  Porf{\'{\i}}rio Silva and
                  Pedro U. Lima},
  editor       = {Wiebe van der Hoek and
                  Gal A. Kaminka and
                  Yves Lesp{\'{e}}rance and
                  Michael Luck and
                  Sandip Sen},
  title        = {Coordination through institutional roles in robot collectives},
  booktitle    = {9th International Conference on Autonomous Agents and Multiagent Systems
                  {(AAMAS} 2010), Toronto, Canada, May 10-14, 2010, Volume 1-3},
  pages        = {1507--1508},
  publisher    = {{IFAAMAS}},
  year         = {2010},
  url          = {https://dl.acm.org/citation.cfm?id=1838454},
  timestamp    = {Fri, 30 Nov 2018 00:00:00 +0100},
  biburl       = {https://dblp.org/rec/conf/atal/PereiraCSL10.bib},
  bibsource    = {dblp computer science bibliography, https://dblp.org}
}

@inproceedings{DBLP:conf/atal/RahwanT10,
  author       = {Iyad Rahwan and
                  Fernando Tohm{\'{e}}},
  editor       = {Wiebe van der Hoek and
                  Gal A. Kaminka and
                  Yves Lesp{\'{e}}rance and
                  Michael Luck and
                  Sandip Sen},
  title        = {Collective argument evaluation as judgement aggregation},
  booktitle    = {9th International Conference on Autonomous Agents and Multiagent Systems
                  {(AAMAS} 2010), Toronto, Canada, May 10-14, 2010, Volume 1-3},
  pages        = {417--424},
  publisher    = {{IFAAMAS}},
  year         = {2010},
  url          = {https://dl.acm.org/citation.cfm?id=1838265},
  timestamp    = {Fri, 30 Nov 2018 00:00:00 +0100},
  biburl       = {https://dblp.org/rec/conf/atal/RahwanT10.bib},
  bibsource    = {dblp computer science bibliography, https://dblp.org}
}

@inproceedings{DBLP:conf/atal/YuWN10,
  author       = {Chih{-}Han Yu and
                  Justin Werfel and
                  Radhika Nagpal},
  editor       = {Wiebe van der Hoek and
                  Gal A. Kaminka and
                  Yves Lesp{\'{e}}rance and
                  Michael Luck and
                  Sandip Sen},
  title        = {Collective decision-making in multi-agent systems by implicit leadership},
  booktitle    = {9th International Conference on Autonomous Agents and Multiagent Systems
                  {(AAMAS} 2010), Toronto, Canada, May 10-14, 2010, Volume 1-3},
  pages        = {1189--1196},
  publisher    = {{IFAAMAS}},
  year         = {2010},
  url          = {https://dl.acm.org/citation.cfm?id=1838192},
  timestamp    = {Fri, 30 Nov 2018 00:00:00 +0100},
  biburl       = {https://dblp.org/rec/conf/atal/YuWN10.bib},
  bibsource    = {dblp computer science bibliography, https://dblp.org}
}

@inproceedings{DBLP:conf/atal/DiggelenBJUF09,
  author       = {Jurriaan van Diggelen and
                  Jeffrey M. Bradshaw and
                  Matthew Johnson and
                  Andrzej Uszok and
                  Paul J. Feltovich},
  editor       = {Julian A. Padget and
                  Alexander Artikis and
                  Wamberto Weber Vasconcelos and
                  Kostas Stathis and
                  Viviane Torres da Silva and
                  Eric T. Matson and
                  Axel Polleres},
  title        = {Implementing Collective Obligations in Human-Agent Teams Using KAoS
                  Policies},
  booktitle    = {Coordination, Organizations, Institutions and Norms in Agent Systems
                  V, {COIN} 2009 International Workshops. COIN@AAMAS 2009, Budapest,
                  Hungary, May 2009, COIN@IJCAI 2009, Pasadena, USA, July 2009, COIN@MALLOW
                  2009, Turin, Italy, September 2009. Revised Selected Papers},
  series       = {Lecture Notes in Computer Science},
  volume       = {6069},
  pages        = {36--52},
  publisher    = {Springer},
  year         = {2009},
  url          = {https://doi.org/10.1007/978-3-642-14962-7\_3},
  doi          = {10.1007/978-3-642-14962-7\_3},
  timestamp    = {Mon, 03 Mar 2025 00:00:00 +0100},
  biburl       = {https://dblp.org/rec/conf/atal/DiggelenBJUF09.bib},
  bibsource    = {dblp computer science bibliography, https://dblp.org}
}

@inproceedings{DBLP:conf/atal/OrkinR09,
  author       = {Jeff Orkin and
                  Deb K. Roy},
  editor       = {Carles Sierra and
                  Cristiano Castelfranchi and
                  Keith S. Decker and
                  Jaime Sim{\~{a}}o Sichman},
  title        = {Automatic learning and generation of social behavior from collective
                  human gameplay},
  booktitle    = {8th International Conference on Autonomous Agents and Multiagent Systems
                  {(AAMAS} 2009), Budapest, Hungary, May 10-15, 2009, Volume 1},
  pages        = {385--392},
  publisher    = {{IFAAMAS}},
  year         = {2009},
  url          = {https://dl.acm.org/citation.cfm?id=1558065},
  timestamp    = {Tue, 05 Nov 2024 14:15:47 +0100},
  biburl       = {https://dblp.org/rec/conf/atal/OrkinR09.bib},
  bibsource    = {dblp computer science bibliography, https://dblp.org}
}

@inproceedings{DBLP:conf/atal/Parunak09,
  author       = {H. Van Dyke Parunak},
  editor       = {Carles Sierra and
                  Cristiano Castelfranchi and
                  Keith S. Decker and
                  Jaime Sim{\~{a}}o Sichman},
  title        = {A mathematical analysis of collective cognitive convergence},
  booktitle    = {8th International Conference on Autonomous Agents and Multiagent Systems
                  {(AAMAS} 2009), Budapest, Hungary, May 10-15, 2009, Volume 1},
  pages        = {473--480},
  publisher    = {{IFAAMAS}},
  year         = {2009},
  url          = {https://dl.acm.org/citation.cfm?id=1558078},
  timestamp    = {Fri, 30 Nov 2018 00:00:00 +0100},
  biburl       = {https://dblp.org/rec/conf/atal/Parunak09.bib},
  bibsource    = {dblp computer science bibliography, https://dblp.org}
}

@inproceedings{DBLP:conf/atal/ParunakBHB08,
  author       = {H. Van Dyke Parunak and
                  Theodore C. Belding and
                  Rainer Hilscher and
                  Sven Brueckner},
  editor       = {Lin Padgham and
                  David C. Parkes and
                  J{\"{o}}rg P. M{\"{u}}ller and
                  Simon Parsons},
  title        = {Modeling and managing collective cognitive convergence},
  booktitle    = {7th International Joint Conference on Autonomous Agents and Multiagent
                  Systems {(AAMAS} 2008), Estoril, Portugal, May 12-16, 2008, Volume
                  3},
  pages        = {1505--1508},
  publisher    = {{IFAAMAS}},
  year         = {2008},
  url          = {https://dl.acm.org/citation.cfm?id=1402910},
  timestamp    = {Fri, 30 Nov 2018 00:00:00 +0100},
  biburl       = {https://dblp.org/rec/conf/atal/ParunakBHB08.bib},
  bibsource    = {dblp computer science bibliography, https://dblp.org}
}

@inproceedings{DBLP:conf/atal/WangGH06,
  author       = {Jun Wang and
                  Les Gasser and
                  Jim Houk},
  editor       = {Hideyuki Nakashima and
                  Michael P. Wellman and
                  Gerhard Weiss and
                  Peter Stone},
  title        = {Convergence analysis for collective vocabulary development},
  booktitle    = {5th International Joint Conference on Autonomous Agents and Multiagent
                  Systems {(AAMAS} 2006), Hakodate, Japan, May 8-12, 2006},
  pages        = {1378--1380},
  publisher    = {{ACM}},
  year         = {2006},
  url          = {https://doi.org/10.1145/1160633.1160890},
  doi          = {10.1145/1160633.1160890},
  timestamp    = {Tue, 19 Nov 2024 15:59:16 +0100},
  biburl       = {https://dblp.org/rec/conf/atal/WangGH06.bib},
  bibsource    = {dblp computer science bibliography, https://dblp.org}
}

@inproceedings{DBLP:conf/atal/SilvaBBD05,
  author       = {Roberto da Silva and
                  Ana L. C. Bazzan and
                  Alexandre Tavares Baraviera and
                  Silvio R. Dahmen},
  editor       = {Frank Dignum and
                  Virginia Dignum and
                  Sven Koenig and
                  Sarit Kraus and
                  Munindar P. Singh and
                  Michael J. Wooldridge},
  title        = {Emerging collective behavior in a simple artificial financial market},
  booktitle    = {4th International Joint Conference on Autonomous Agents and Multiagent
                  Systems {(AAMAS} 2005), July 25-29, 2005, Utrecht, The Netherlands},
  pages        = {313--319},
  publisher    = {{ACM}},
  year         = {2005},
  url          = {https://doi.org/10.1145/1082473.1082521},
  doi          = {10.1145/1082473.1082521},
  timestamp    = {Fri, 26 Apr 2019 14:26:42 +0200},
  biburl       = {https://dblp.org/rec/conf/atal/SilvaBBD05.bib},
  bibsource    = {dblp computer science bibliography, https://dblp.org}
}

@inproceedings{DBLP:conf/atal/Delgado-MataA04,
  author       = {Carlos Delgado{-}Mata and
                  Ruth Aylett},
  title        = {Emotion and Action Selection: Regulating the Collective Behaviour
                  of Agents in Virtual Environments},
  booktitle    = {3rd International Joint Conference on Autonomous Agents and Multiagent
                  Systems {(AAMAS} 2004), 19-23 August 2004, New York, NY, {USA}},
  pages        = {1304--1305},
  publisher    = {{IEEE} Computer Society},
  year         = {2004},
  url          = {https://doi.ieeecomputersociety.org/10.1109/AAMAS.2004.10248},
  doi          = {10.1109/AAMAS.2004.10248},
  timestamp    = {Fri, 24 Mar 2023 00:00:00 +0100},
  biburl       = {https://dblp.org/rec/conf/atal/Delgado-MataA04.bib},
  bibsource    = {dblp computer science bibliography, https://dblp.org}
}

@inproceedings{DBLP:conf/atal/AgoginoT03,
  author       = {Adrian K. Agogino and
                  Kagan Tumer},
  title        = {Team formation and communication restrictions in collectives},
  booktitle    = {The Second International Joint Conference on Autonomous Agents {\&}
                  Multiagent Systems, {AAMAS} 2003, July 14-18, 2003, Melbourne, Victoria,
                  Australia, Proceedings},
  pages        = {916--917},
  publisher    = {{ACM}},
  year         = {2003},
  url          = {https://doi.org/10.1145/860575.860723},
  doi          = {10.1145/860575.860723},
  timestamp    = {Tue, 06 Nov 2018 00:00:00 +0100},
  biburl       = {https://dblp.org/rec/conf/atal/AgoginoT03.bib},
  bibsource    = {dblp computer science bibliography, https://dblp.org}
}

@inproceedings{DBLP:conf/atal/CholvyG03a,
  author       = {Laurence Cholvy and
                  Christophe Garion},
  title        = {Deriving individual obligations from collective obligations},
  booktitle    = {The Second International Joint Conference on Autonomous Agents {\&}
                  Multiagent Systems, {AAMAS} 2003, July 14-18, 2003, Melbourne, Victoria,
                  Australia, Proceedings},
  pages        = {962--963},
  publisher    = {{ACM}},
  year         = {2003},
  url          = {https://doi.org/10.1145/860575.860746},
  doi          = {10.1145/860575.860746},
  timestamp    = {Tue, 06 Nov 2018 00:00:00 +0100},
  biburl       = {https://dblp.org/rec/conf/atal/CholvyG03a.bib},
  bibsource    = {dblp computer science bibliography, https://dblp.org}
}

@inproceedings{DBLP:conf/atal/TumerL03,
  author       = {Kagan Tumer and
                  John W. Lawson},
  title        = {Collectives for multiple resource job scheduling across heterogeneous
                  servers},
  booktitle    = {The Second International Joint Conference on Autonomous Agents {\&}
                  Multiagent Systems, {AAMAS} 2003, July 14-18, 2003, Melbourne, Victoria,
                  Australia, Proceedings},
  pages        = {1142--1143},
  publisher    = {{ACM}},
  year         = {2003},
  url          = {https://doi.org/10.1145/860575.860836},
  doi          = {10.1145/860575.860836},
  timestamp    = {Tue, 06 Nov 2018 00:00:00 +0100},
  biburl       = {https://dblp.org/rec/conf/atal/TumerL03.bib},
  bibsource    = {dblp computer science bibliography, https://dblp.org}
}

@inproceedings{DBLP:conf/atal/Dunin-KepliczV02,
  author       = {Barbara Dunin{-}Keplicz and
                  Rineke Verbrugge},
  title        = {Evolution of collective commitment during reconfiguration},
  booktitle    = {The First International Joint Conference on Autonomous Agents {\&}
                  Multiagent Systems, {AAMAS} 2002, July 15-19, 2002, Bologna, Italy,
                  Proceedings},
  pages        = {1141--1142},
  publisher    = {{ACM}},
  year         = {2002},
  url          = {https://doi.org/10.1145/545056.545086},
  doi          = {10.1145/545056.545086},
  timestamp    = {Tue, 06 Nov 2018 00:00:00 +0100},
  biburl       = {https://dblp.org/rec/conf/atal/Dunin-KepliczV02.bib},
  bibsource    = {dblp computer science bibliography, https://dblp.org}
}

@inproceedings{DBLP:conf/atal/TumerAW02,
  author       = {Kagan Tumer and
                  Adrian K. Agogino and
                  David H. Wolpert},
  title        = {Learning sequences of actions in collectives of autonomous agents},
  booktitle    = {The First International Joint Conference on Autonomous Agents {\&}
                  Multiagent Systems, {AAMAS} 2002, July 15-19, 2002, Bologna, Italy,
                  Proceedings},
  pages        = {378--385},
  publisher    = {{ACM}},
  year         = {2002},
  url          = {https://doi.org/10.1145/544741.544832},
  doi          = {10.1145/544741.544832},
  timestamp    = {Tue, 06 Nov 2018 00:00:00 +0100},
  biburl       = {https://dblp.org/rec/conf/atal/TumerAW02.bib},
  bibsource    = {dblp computer science bibliography, https://dblp.org}
}

@inproceedings{DBLP:conf/atal/WolpertL02,
  author       = {David H. Wolpert and
                  John W. Lawson},
  title        = {Designing agent collectives for systems with Markovian dynamics},
  booktitle    = {The First International Joint Conference on Autonomous Agents {\&}
                  Multiagent Systems, {AAMAS} 2002, July 15-19, 2002, Bologna, Italy,
                  Proceedings},
  pages        = {1066--1073},
  publisher    = {{ACM}},
  year         = {2002},
  url          = {https://doi.org/10.1145/545056.545074},
  doi          = {10.1145/545056.545074},
  timestamp    = {Sat, 30 Sep 2023 01:00:00 +0200},
  biburl       = {https://dblp.org/rec/conf/atal/WolpertL02.bib},
  bibsource    = {dblp computer science bibliography, https://dblp.org}
}

@inproceedings{DBLP:conf/atal/YeBLY02,
  author       = {Yiming Ye and
                  Stephen J. Boies and
                  Jiming Liu and
                  Xun Yi},
  title        = {Collective perception in massive, open, and heterogeneous multi-agent
                  environment},
  booktitle    = {The First International Joint Conference on Autonomous Agents {\&}
                  Multiagent Systems, {AAMAS} 2002, July 15-19, 2002, Bologna, Italy,
                  Proceedings},
  pages        = {1175--1182},
  publisher    = {{ACM}},
  year         = {2002},
  url          = {https://doi.org/10.1145/545056.545096},
  doi          = {10.1145/545056.545096},
  timestamp    = {Tue, 06 Nov 2018 00:00:00 +0100},
  biburl       = {https://dblp.org/rec/conf/atal/YeBLY02.bib},
  bibsource    = {dblp computer science bibliography, https://dblp.org}
}

