@inproceedings{DBLP:conf/ifaamas/FujimotoAA25,
  author       = {Yuma Fujimoto and
                  Kaito Ariu and
                  Kenshi Abe},
  editor       = {Sanmay Das and
                  Ann Now{\'{e}} and
                  Yevgeniy Vorobeychik},
  title        = {Global Behavior of Learning Dynamics in Zero-Sum Games with Memory
                  Asymmetry},
  booktitle    = {Proceedings of the 24th International Conference on Autonomous Agents
                  and Multiagent Systems, {AAMAS} 2025, Detroit, MI, USA, May 19-23,
                  2025},
  pages        = {813--819},
  publisher    = {International Foundation for Autonomous Agents and Multiagent Systems
                  / {ACM}},
  year         = {2025},
  url          = {https://dl.acm.org/doi/10.5555/3709347.3743599},
  doi          = {10.5555/3709347.3743599},
  timestamp    = {Tue, 29 Jul 2025 14:24:35 +0200},
  biburl       = {https://dblp.org/rec/conf/ifaamas/FujimotoAA25.bib},
  bibsource    = {dblp computer science bibliography, https://dblp.org}
}

@inproceedings{DBLP:conf/atal/BandhanaKG24,
  author       = {Arti Bandhana and
                  Tom{\'{a}}s Kroupa and
                  Sebasti{\'{a}}n Garc{\'{\i}}a},
  editor       = {Mehdi Dastani and
                  Jaime Sim{\~{a}}o Sichman and
                  Natasha Alechina and
                  Virginia Dignum},
  title        = {Trust in Shapley: {A} Cooperative Quest for Global Trust in {P2P}
                  Network},
  booktitle    = {Proceedings of the 23rd International Conference on Autonomous Agents
                  and Multiagent Systems, {AAMAS} 2024, Auckland, New Zealand, May 6-10,
                  2024},
  pages        = {132--140},
  publisher    = {International Foundation for Autonomous Agents and Multiagent Systems
                  / {ACM}},
  year         = {2024},
  url          = {https://dl.acm.org/doi/10.5555/3635637.3662860},
  doi          = {10.5555/3635637.3662860},
  timestamp    = {Wed, 18 Dec 2024 00:00:00 +0100},
  biburl       = {https://dblp.org/rec/conf/atal/BandhanaKG24.bib},
  bibsource    = {dblp computer science bibliography, https://dblp.org}
}

@inproceedings{DBLP:conf/atal/ChatiS024,
  author       = {Yashovardhan S. Chati and
                  Ramasubramanian Suriyanarayanan and
                  Arunchandar Vasan},
  editor       = {Mehdi Dastani and
                  Jaime Sim{\~{a}}o Sichman and
                  Natasha Alechina and
                  Virginia Dignum},
  title        = {Think Global, Act Local - Agent-Based Inline Recovery for Airline
                  Operations},
  booktitle    = {Proceedings of the 23rd International Conference on Autonomous Agents
                  and Multiagent Systems, {AAMAS} 2024, Auckland, New Zealand, May 6-10,
                  2024},
  pages        = {299--307},
  publisher    = {International Foundation for Autonomous Agents and Multiagent Systems
                  / {ACM}},
  year         = {2024},
  url          = {https://dl.acm.org/doi/10.5555/3635637.3662878},
  doi          = {10.5555/3635637.3662878},
  timestamp    = {Fri, 03 May 2024 01:00:00 +0200},
  biburl       = {https://dblp.org/rec/conf/atal/ChatiS024.bib},
  bibsource    = {dblp computer science bibliography, https://dblp.org}
}

@inproceedings{DBLP:conf/atal/QianWT23,
  author       = {Junqi Qian and
                  Paul Weng and
                  Chenmien Tan},
  editor       = {Noa Agmon and
                  Bo An and
                  Alessandro Ricci and
                  William Yeoh},
  title        = {Learning Rewards to Optimize Global Performance Metrics in Deep Reinforcement
                  Learning},
  booktitle    = {Proceedings of the 2023 International Conference on Autonomous Agents
                  and Multiagent Systems, {AAMAS} 2023, London, United Kingdom, 29 May
                  2023 - 2 June 2023},
  pages        = {1951--1960},
  publisher    = {{ACM}},
  year         = {2023},
  url          = {https://dl.acm.org/doi/10.5555/3545946.3598864},
  doi          = {10.5555/3545946.3598864},
  timestamp    = {Tue, 23 May 2023 14:27:14 +0200},
  biburl       = {https://dblp.org/rec/conf/atal/QianWT23.bib},
  bibsource    = {dblp computer science bibliography, https://dblp.org}
}

@inproceedings{DBLP:conf/atal/XuL0WW23,
  author       = {Zelai Xu and
                  Yancheng Liang and
                  Chao Yu and
                  Yu Wang and
                  Yi Wu},
  editor       = {Noa Agmon and
                  Bo An and
                  Alessandro Ricci and
                  William Yeoh},
  title        = {Fictitious Cross-Play: Learning Global Nash Equilibrium in Mixed Cooperative-Competitive
                  Games},
  booktitle    = {Proceedings of the 2023 International Conference on Autonomous Agents
                  and Multiagent Systems, {AAMAS} 2023, London, United Kingdom, 29 May
                  2023 - 2 June 2023},
  pages        = {1053--1061},
  publisher    = {{ACM}},
  year         = {2023},
  url          = {https://dl.acm.org/doi/10.5555/3545946.3598745},
  doi          = {10.5555/3545946.3598745},
  timestamp    = {Tue, 02 Apr 2024 01:00:00 +0200},
  biburl       = {https://dblp.org/rec/conf/atal/XuL0WW23.bib},
  bibsource    = {dblp computer science bibliography, https://dblp.org}
}

@inproceedings{DBLP:conf/atal/ContrerasSC22,
  author       = {Victor Contreras and
                  Michael Schumacher and
                  Davide Calvaresi},
  editor       = {Davide Calvaresi and
                  Amro Najjar and
                  Michael Winikoff and
                  Kary Fr{\"{a}}mling},
  title        = {Integration of Local and Global Features Explanation with Global Rules
                  Extraction and Generation Tools},
  booktitle    = {Explainable and Transparent {AI} and Multi-Agent Systems - 4th International
                  Workshop, {EXTRAAMAS} 2022, Virtual Event, May 9-10, 2022, Revised
                  Selected Papers},
  series       = {Lecture Notes in Computer Science},
  volume       = {13283},
  pages        = {19--37},
  publisher    = {Springer},
  year         = {2022},
  url          = {https://doi.org/10.1007/978-3-031-15565-9\_2},
  doi          = {10.1007/978-3-031-15565-9\_2},
  timestamp    = {Tue, 18 Oct 2022 01:00:00 +0200},
  biburl       = {https://dblp.org/rec/conf/atal/ContrerasSC22.bib},
  bibsource    = {dblp computer science bibliography, https://dblp.org}
}

@inproceedings{DBLP:conf/atal/MohammadN22,
  author       = {Yasser Mohammad and
                  Shinji Nakadai},
  editor       = {Piotr Faliszewski and
                  Viviana Mascardi and
                  Catherine Pelachaud and
                  Matthew E. Taylor},
  title        = {Concurrent Negotiations with Global Utility Functions},
  booktitle    = {21st International Conference on Autonomous Agents and Multiagent
                  Systems, {AAMAS} 2022, Auckland, New Zealand, May 9-13, 2022},
  pages        = {1947--1949},
  publisher    = {International Foundation for Autonomous Agents and Multiagent Systems
                  {(IFAAMAS)}},
  year         = {2022},
  url          = {https://www.ifaamas.org/Proceedings/aamas2022/pdfs/p1947.pdf},
  doi          = {10.5555/3535850.3536162},
  timestamp    = {Mon, 18 Jul 2022 17:13:00 +0200},
  biburl       = {https://dblp.org/rec/conf/atal/MohammadN22.bib},
  bibsource    = {dblp computer science bibliography, https://dblp.org}
}

@inproceedings{DBLP:conf/atal/ZhuV22,
  author       = {Yuanzi Zhu and
                  Carmine Ventre},
  editor       = {Piotr Faliszewski and
                  Viviana Mascardi and
                  Catherine Pelachaud and
                  Matthew E. Taylor},
  title        = {Irrational Behaviour and Globalisation},
  booktitle    = {21st International Conference on Autonomous Agents and Multiagent
                  Systems, {AAMAS} 2022, Auckland, New Zealand, May 9-13, 2022},
  pages        = {1780--1782},
  publisher    = {International Foundation for Autonomous Agents and Multiagent Systems
                  {(IFAAMAS)}},
  year         = {2022},
  url          = {https://www.ifaamas.org/Proceedings/aamas2022/pdfs/p1780.pdf},
  doi          = {10.5555/3535850.3536108},
  timestamp    = {Mon, 18 Jul 2022 01:00:00 +0200},
  biburl       = {https://dblp.org/rec/conf/atal/ZhuV22.bib},
  bibsource    = {dblp computer science bibliography, https://dblp.org}
}

@inproceedings{DBLP:conf/atal/DeyMMS21,
  author       = {Palash Dey and
                  Suman Kalyan Maity and
                  Sourav Medya and
                  Arlei Silva},
  editor       = {Frank Dignum and
                  Alessio Lomuscio and
                  Ulle Endriss and
                  Ann Now{\'{e}}},
  title        = {Network Robustness via Global k-cores},
  booktitle    = {{AAMAS} '21: 20th International Conference on Autonomous Agents and
                  Multiagent Systems, Virtual Event, United Kingdom, May 3-7, 2021},
  pages        = {438--446},
  publisher    = {{ACM}},
  year         = {2021},
  url          = {https://www.ifaamas.org/Proceedings/aamas2021/pdfs/p438.pdf},
  doi          = {10.5555/3463952.3464008},
  timestamp    = {Wed, 20 Jul 2022 17:03:47 +0200},
  biburl       = {https://dblp.org/rec/conf/atal/DeyMMS21.bib},
  bibsource    = {dblp computer science bibliography, https://dblp.org}
}

@inproceedings{DBLP:conf/atal/GonenS21,
  author       = {Rica Gonen and
                  Erel Segal{-}Halevi},
  editor       = {Frank Dignum and
                  Alessio Lomuscio and
                  Ulle Endriss and
                  Ann Now{\'{e}}},
  title        = {A Global Multi-Sided Market with Ascending-Price Mechanism},
  booktitle    = {{AAMAS} '21: 20th International Conference on Autonomous Agents and
                  Multiagent Systems, Virtual Event, United Kingdom, May 3-7, 2021},
  pages        = {1515--1517},
  publisher    = {{ACM}},
  year         = {2021},
  url          = {https://www.ifaamas.org/Proceedings/aamas2021/pdfs/p1515.pdf},
  doi          = {10.5555/3463952.3464144},
  timestamp    = {Wed, 20 Jul 2022 01:00:00 +0200},
  biburl       = {https://dblp.org/rec/conf/atal/GonenS21.bib},
  bibsource    = {dblp computer science bibliography, https://dblp.org}
}

@inproceedings{DBLP:conf/atal/NijsS20,
  author       = {Frits de Nijs and
                  Peter J. Stuckey},
  editor       = {Amal El Fallah Seghrouchni and
                  Gita Sukthankar and
                  Bo An and
                  Neil Yorke{-}Smith},
  title        = {Risk-Aware Conditional Replanning for Globally Constrained Multi-Agent
                  Sequential Decision Making},
  booktitle    = {Proceedings of the 19th International Conference on Autonomous Agents
                  and Multiagent Systems, {AAMAS} '20, Auckland, New Zealand, May 9-13,
                  2020},
  pages        = {303--311},
  publisher    = {International Foundation for Autonomous Agents and Multiagent Systems},
  year         = {2020},
  url          = {https://dl.acm.org/doi/10.5555/3398761.3398801},
  doi          = {10.5555/3398761.3398801},
  timestamp    = {Tue, 26 Jul 2022 01:00:00 +0200},
  biburl       = {https://dblp.org/rec/conf/atal/NijsS20.bib},
  bibsource    = {dblp computer science bibliography, https://dblp.org}
}

@inproceedings{DBLP:conf/emas/Varga18,
  author       = {L{\'{a}}szl{\'{o}} Z. Varga},
  editor       = {Danny Weyns and
                  Viviana Mascardi and
                  Alessandro Ricci},
  title        = {Dynamic Global Behaviour of Online Routing Games},
  booktitle    = {Engineering Multi-Agent Systems - 6th International Workshop, {EMAS}
                  2018, Stockholm, Sweden, July 14-15, 2018, Revised Selected Papers},
  series       = {Lecture Notes in Computer Science},
  volume       = {11375},
  pages        = {202--221},
  publisher    = {Springer},
  year         = {2018},
  url          = {https://doi.org/10.1007/978-3-030-25693-7\_11},
  doi          = {10.1007/978-3-030-25693-7\_11},
  timestamp    = {Wed, 01 Dec 2021 00:00:00 +0100},
  biburl       = {https://dblp.org/rec/conf/emas/Varga18.bib},
  bibsource    = {dblp computer science bibliography, https://dblp.org}
}

@inproceedings{DBLP:conf/atal/BrubachSSX17,
  author       = {Brian Brubach and
                  Karthik Abinav Sankararaman and
                  Aravind Srinivasan and
                  Pan Xu},
  editor       = {Kate Larson and
                  Michael Winikoff and
                  Sanmay Das and
                  Edmund H. Durfee},
  title        = {Attenuate Locally, Win Globally: An Attenuation-based Framework for
                  Online Stochastic Matching with Timeouts},
  booktitle    = {Proceedings of the 16th Conference on Autonomous Agents and MultiAgent
                  Systems, {AAMAS} 2017, S{\~{a}}o Paulo, Brazil, May 8-12, 2017},
  pages        = {1223--1231},
  publisher    = {{ACM}},
  year         = {2017},
  url          = {http://dl.acm.org/citation.cfm?id=3091295},
  timestamp    = {Tue, 10 Sep 2019 01:00:00 +0200},
  biburl       = {https://dblp.org/rec/conf/atal/BrubachSSX17.bib},
  bibsource    = {dblp computer science bibliography, https://dblp.org}
}

@inproceedings{DBLP:conf/atal/AnconaBFM15,
  author       = {Davide Ancona and
                  Daniela Briola and
                  Angelo Ferrando and
                  Viviana Mascardi},
  editor       = {Gerhard Weiss and
                  Pinar Yolum and
                  Rafael H. Bordini and
                  Edith Elkind},
  title        = {Global Protocols as First Class Entities for Self-Adaptive Agents},
  booktitle    = {Proceedings of the 2015 International Conference on Autonomous Agents
                  and Multiagent Systems, {AAMAS} 2015, Istanbul, Turkey, May 4-8, 2015},
  pages        = {1019--1029},
  publisher    = {{ACM}},
  year         = {2015},
  url          = {http://dl.acm.org/citation.cfm?id=2773282},
  timestamp    = {Tue, 29 Mar 2022 01:00:00 +0200},
  biburl       = {https://dblp.org/rec/conf/atal/AnconaBFM15.bib},
  bibsource    = {dblp computer science bibliography, https://dblp.org}
}

@inproceedings{DBLP:conf/atal/CeruttiOB15,
  author       = {Federico Cerutti and
                  Nir Oren and
                  Christopher Burnett},
  editor       = {Gerhard Weiss and
                  Pinar Yolum and
                  Rafael H. Bordini and
                  Edith Elkind},
  title        = {Global Approximations for Principal Agent Theory},
  booktitle    = {Proceedings of the 2015 International Conference on Autonomous Agents
                  and Multiagent Systems, {AAMAS} 2015, Istanbul, Turkey, May 4-8, 2015},
  pages        = {1845--1846},
  publisher    = {{ACM}},
  year         = {2015},
  url          = {http://dl.acm.org/citation.cfm?id=2773466},
  timestamp    = {Tue, 31 Jan 2023 00:00:00 +0100},
  biburl       = {https://dblp.org/rec/conf/atal/CeruttiOB15.bib},
  bibsource    = {dblp computer science bibliography, https://dblp.org}
}

@inproceedings{DBLP:conf/atal/HabibiKWSM15,
  author       = {Golnaz Habibi and
                  Zachary Kingston and
                  Zijian Wang and
                  Mac Schwager and
                  James McLurkin},
  editor       = {Gerhard Weiss and
                  Pinar Yolum and
                  Rafael H. Bordini and
                  Edith Elkind},
  title        = {Pipelined Consensus for Global State Estimation in Multi-Agent Systems},
  booktitle    = {Proceedings of the 2015 International Conference on Autonomous Agents
                  and Multiagent Systems, {AAMAS} 2015, Istanbul, Turkey, May 4-8, 2015},
  pages        = {1315--1323},
  publisher    = {{ACM}},
  year         = {2015},
  url          = {http://dl.acm.org/citation.cfm?id=2773320},
  timestamp    = {Wed, 13 Aug 2025 01:00:00 +0200},
  biburl       = {https://dblp.org/rec/conf/atal/HabibiKWSM15.bib},
  bibsource    = {dblp computer science bibliography, https://dblp.org}
}

@inproceedings{DBLP:conf/atal/TeutenbergP15,
  author       = {Jonathan Teutenberg and
                  Julie Porteous},
  editor       = {Gerhard Weiss and
                  Pinar Yolum and
                  Rafael H. Bordini and
                  Edith Elkind},
  title        = {Incorporating Global and Local Knowledge in Intentional Narrative
                  Planning},
  booktitle    = {Proceedings of the 2015 International Conference on Autonomous Agents
                  and Multiagent Systems, {AAMAS} 2015, Istanbul, Turkey, May 4-8, 2015},
  pages        = {1539--1546},
  publisher    = {{ACM}},
  year         = {2015},
  url          = {http://dl.acm.org/citation.cfm?id=2773348},
  timestamp    = {Fri, 15 May 2015 01:00:00 +0200},
  biburl       = {https://dblp.org/rec/conf/atal/TeutenbergP15.bib},
  bibsource    = {dblp computer science bibliography, https://dblp.org}
}

@inproceedings{DBLP:conf/aamas/BessiereBGM12,
  author       = {Christian Bessiere and
                  Ismel Brito and
                  Patricia Gutierrez and
                  Pedro Meseguer},
  editor       = {Wiebe van der Hoek and
                  Lin Padgham and
                  Vincent Conitzer and
                  Michael Winikoff},
  title        = {Global constraints in distributed constraint satisfaction},
  booktitle    = {International Conference on Autonomous Agents and Multiagent Systems,
                  {AAMAS} 2012, Valencia, Spain, June 4-8, 2012 {(3} Volumes)},
  pages        = {1263--1264},
  publisher    = {{IFAAMAS}},
  year         = {2012},
  url          = {http://dl.acm.org/citation.cfm?id=2343954},
  timestamp    = {Thu, 19 Mar 2015 00:00:00 +0100},
  biburl       = {https://dblp.org/rec/conf/aamas/BessiereBGM12.bib},
  bibsource    = {dblp computer science bibliography, https://dblp.org}
}

@inproceedings{DBLP:conf/aamas/OttensF12,
  author       = {Brammert Ottens and
                  Boi Faltings},
  editor       = {Wiebe van der Hoek and
                  Lin Padgham and
                  Vincent Conitzer and
                  Michael Winikoff},
  title        = {Global optimization for multiple agents},
  booktitle    = {International Conference on Autonomous Agents and Multiagent Systems,
                  {AAMAS} 2012, Valencia, Spain, June 4-8, 2012 {(3} Volumes)},
  pages        = {1273--1274},
  publisher    = {{IFAAMAS}},
  year         = {2012},
  url          = {http://dl.acm.org/citation.cfm?id=2343959},
  timestamp    = {Thu, 19 Mar 2015 00:00:00 +0100},
  biburl       = {https://dblp.org/rec/conf/aamas/OttensF12.bib},
  bibsource    = {dblp computer science bibliography, https://dblp.org}
}

@inproceedings{DBLP:conf/atal/XinTD11,
  author       = {Xin Liu and
                  Gilles Tr{\'{e}}dan and
                  Anwitaman Datta},
  editor       = {Liz Sonenberg and
                  Peter Stone and
                  Kagan Tumer and
                  Pinar Yolum},
  title        = {MetaTrust: discriminant analysis of local information for global trust
                  assessment},
  booktitle    = {10th International Conference on Autonomous Agents and Multiagent
                  Systems {(AAMAS} 2011), Taipei, Taiwan, May 2-6, 2011, Volume 1-3},
  pages        = {1071--1072},
  publisher    = {{IFAAMAS}},
  year         = {2011},
  url          = {http://portal.acm.org/citation.cfm?id=2034423\&CFID=69154334\&CFTOKEN=45298625},
  timestamp    = {Tue, 19 Nov 2024 15:59:16 +0100},
  biburl       = {https://dblp.org/rec/conf/atal/XinTD11.bib},
  bibsource    = {dblp computer science bibliography, https://dblp.org}
}

@inproceedings{DBLP:conf/atal/YaminsN08,
  author       = {Daniel Yamins and
                  Radhika Nagpal},
  editor       = {Lin Padgham and
                  David C. Parkes and
                  J{\"{o}}rg P. M{\"{u}}ller and
                  Simon Parsons},
  title        = {Automated global-to-local programming in 1-D spatial multi-agent systems},
  booktitle    = {7th International Joint Conference on Autonomous Agents and Multiagent
                  Systems {(AAMAS} 2008), Estoril, Portugal, May 12-16, 2008, Volume
                  2},
  pages        = {615--622},
  publisher    = {{IFAAMAS}},
  year         = {2008},
  url          = {https://dl.acm.org/citation.cfm?id=1402310},
  timestamp    = {Fri, 30 Nov 2018 00:00:00 +0100},
  biburl       = {https://dblp.org/rec/conf/atal/YaminsN08.bib},
  bibsource    = {dblp computer science bibliography, https://dblp.org}
}

@inproceedings{DBLP:conf/atal/BhatRNIM07,
  author       = {Sooraj Bhat and
                  David L. Roberts and
                  Mark J. Nelson and
                  Charles L. Isbell Jr. and
                  Michael Mateas},
  editor       = {Edmund H. Durfee and
                  Makoto Yokoo and
                  Michael N. Huhns and
                  Onn Shehory},
  title        = {A globally optimal algorithm for TTD-MDPs},
  booktitle    = {6th International Joint Conference on Autonomous Agents and Multiagent
                  Systems {(AAMAS} 2007), Honolulu, Hawaii, USA, May 14-18, 2007},
  pages        = {199},
  publisher    = {{IFAAMAS}},
  year         = {2007},
  url          = {https://doi.org/10.1145/1329125.1329367},
  doi          = {10.1145/1329125.1329367},
  timestamp    = {Thu, 24 Jun 2021 01:00:00 +0200},
  biburl       = {https://dblp.org/rec/conf/atal/BhatRNIM07.bib},
  bibsource    = {dblp computer science bibliography, https://dblp.org}
}

@inproceedings{DBLP:conf/atal/ShinodaMN07,
  author       = {Kousuke Shinoda and
                  Yutaka Matsuo and
                  Hideyuki Nakashima},
  editor       = {Edmund H. Durfee and
                  Makoto Yokoo and
                  Michael N. Huhns and
                  Onn Shehory},
  title        = {Emergence of global network property based on multi-agent voting model},
  booktitle    = {6th International Joint Conference on Autonomous Agents and Multiagent
                  Systems {(AAMAS} 2007), Honolulu, Hawaii, USA, May 14-18, 2007},
  pages        = {17},
  publisher    = {{IFAAMAS}},
  year         = {2007},
  url          = {https://doi.org/10.1145/1329125.1329146},
  doi          = {10.1145/1329125.1329146},
  timestamp    = {Tue, 06 Nov 2018 00:00:00 +0100},
  biburl       = {https://dblp.org/rec/conf/atal/ShinodaMN07.bib},
  bibsource    = {dblp computer science bibliography, https://dblp.org}
}

@inproceedings{DBLP:conf/atal/KuriharaSFS06,
  author       = {Satoshi Kurihara and
                  Shin{-}ya Sato and
                  Kensuke Fukuda and
                  Toshiharu Sugawara},
  editor       = {Hideyuki Nakashima and
                  Michael P. Wellman and
                  Gerhard Weiss and
                  Peter Stone},
  title        = {How can agent know the global information without close coordination?},
  booktitle    = {5th International Joint Conference on Autonomous Agents and Multiagent
                  Systems {(AAMAS} 2006), Hakodate, Japan, May 8-12, 2006},
  pages        = {682--684},
  publisher    = {{ACM}},
  year         = {2006},
  url          = {https://doi.org/10.1145/1160633.1160754},
  doi          = {10.1145/1160633.1160754},
  timestamp    = {Tue, 19 Nov 2024 15:59:16 +0100},
  biburl       = {https://dblp.org/rec/conf/atal/KuriharaSFS06.bib},
  bibsource    = {dblp computer science bibliography, https://dblp.org}
}

@inproceedings{DBLP:conf/atal/Yamins06,
  author       = {Daniel Yamins},
  editor       = {Hideyuki Nakashima and
                  Michael P. Wellman and
                  Gerhard Weiss and
                  Peter Stone},
  title        = {The emergence of global properties from local interactions: static
                  properties and one-dimensional patterns},
  booktitle    = {5th International Joint Conference on Autonomous Agents and Multiagent
                  Systems {(AAMAS} 2006), Hakodate, Japan, May 8-12, 2006},
  pages        = {1122--1124},
  publisher    = {{ACM}},
  year         = {2006},
  url          = {https://doi.org/10.1145/1160633.1160837},
  doi          = {10.1145/1160633.1160837},
  timestamp    = {Tue, 06 Nov 2018 00:00:00 +0100},
  biburl       = {https://dblp.org/rec/conf/atal/Yamins06.bib},
  bibsource    = {dblp computer science bibliography, https://dblp.org}
}

@inproceedings{DBLP:conf/atal/ParunakBSM05,
  author       = {H. Van Dyke Parunak and
                  Sven Brueckner and
                  John A. Sauter and
                  Robert S. Matthews},
  editor       = {Frank Dignum and
                  Virginia Dignum and
                  Sven Koenig and
                  Sarit Kraus and
                  Munindar P. Singh and
                  Michael J. Wooldridge},
  title        = {Global convergence of local agent behaviors},
  booktitle    = {4th International Joint Conference on Autonomous Agents and Multiagent
                  Systems {(AAMAS} 2005), July 25-29, 2005, Utrecht, The Netherlands},
  pages        = {305--312},
  publisher    = {{ACM}},
  year         = {2005},
  url          = {https://doi.org/10.1145/1082473.1082520},
  doi          = {10.1145/1082473.1082520},
  timestamp    = {Fri, 26 Apr 2019 14:26:42 +0200},
  biburl       = {https://dblp.org/rec/conf/atal/ParunakBSM05.bib},
  bibsource    = {dblp computer science bibliography, https://dblp.org}
}

@inproceedings{DBLP:conf/atal/Yamins05,
  author       = {Daniel Yamins},
  editor       = {Frank Dignum and
                  Virginia Dignum and
                  Sven Koenig and
                  Sarit Kraus and
                  Munindar P. Singh and
                  Michael J. Wooldridge},
  title        = {Towards a theory of "local to global" in distributed multi-agent systems
                  {(I)}},
  booktitle    = {4th International Joint Conference on Autonomous Agents and Multiagent
                  Systems {(AAMAS} 2005), July 25-29, 2005, Utrecht, The Netherlands},
  pages        = {183--190},
  publisher    = {{ACM}},
  year         = {2005},
  url          = {https://doi.org/10.1145/1082473.1082501},
  doi          = {10.1145/1082473.1082501},
  timestamp    = {Tue, 06 Nov 2018 00:00:00 +0100},
  biburl       = {https://dblp.org/rec/conf/atal/Yamins05.bib},
  bibsource    = {dblp computer science bibliography, https://dblp.org}
}

@inproceedings{DBLP:conf/atal/Yamins05a,
  author       = {Daniel Yamins},
  editor       = {Frank Dignum and
                  Virginia Dignum and
                  Sven Koenig and
                  Sarit Kraus and
                  Munindar P. Singh and
                  Michael J. Wooldridge},
  title        = {Towards a theory of "local to global" in distributed multi-agent systems
                  {(II)}},
  booktitle    = {4th International Joint Conference on Autonomous Agents and Multiagent
                  Systems {(AAMAS} 2005), July 25-29, 2005, Utrecht, The Netherlands},
  pages        = {191--198},
  publisher    = {{ACM}},
  year         = {2005},
  url          = {https://doi.org/10.1145/1082473.1082502},
  doi          = {10.1145/1082473.1082502},
  timestamp    = {Tue, 06 Nov 2018 00:00:00 +0100},
  biburl       = {https://dblp.org/rec/conf/atal/Yamins05a.bib},
  bibsource    = {dblp computer science bibliography, https://dblp.org}
}

@inproceedings{DBLP:conf/atal/ErenAWMB04,
  author       = {Tolga Eren and
                  Brian D. O. Anderson and
                  Walter Whiteley and
                  A. Stephen Morse and
                  Peter N. Belhumeur},
  title        = {Merging Globally Rigid Formations of Mobile Autonomous Agents},
  booktitle    = {3rd International Joint Conference on Autonomous Agents and Multiagent
                  Systems {(AAMAS} 2004), 19-23 August 2004, New York, NY, {USA}},
  pages        = {1260--1261},
  publisher    = {{IEEE} Computer Society},
  year         = {2004},
  url          = {https://doi.ieeecomputersociety.org/10.1109/AAMAS.2004.10161},
  doi          = {10.1109/AAMAS.2004.10161},
  timestamp    = {Fri, 24 Mar 2023 00:00:00 +0100},
  biburl       = {https://dblp.org/rec/conf/atal/ErenAWMB04.bib},
  bibsource    = {dblp computer science bibliography, https://dblp.org}
}

@inproceedings{DBLP:conf/atal/PaquetBC04,
  author       = {S{\'{e}}bastien Paquet and
                  Nicolas Bernier and
                  Brahim Chaib{-}draa},
  title        = {From Global Selective Perception to Local Selective Perception},
  booktitle    = {3rd International Joint Conference on Autonomous Agents and Multiagent
                  Systems {(AAMAS} 2004), 19-23 August 2004, New York, NY, {USA}},
  pages        = {1352--1353},
  publisher    = {{IEEE} Computer Society},
  year         = {2004},
  url          = {https://doi.ieeecomputersociety.org/10.1109/AAMAS.2004.10138},
  doi          = {10.1109/AAMAS.2004.10138},
  timestamp    = {Fri, 24 Mar 2023 00:00:00 +0100},
  biburl       = {https://dblp.org/rec/conf/atal/PaquetBC04.bib},
  bibsource    = {dblp computer science bibliography, https://dblp.org}
}

@inproceedings{DBLP:conf/atal/PeruginiLSP04,
  author       = {Don Perugini and
                  Dale Lambert and
                  Leon Sterling and
                  Adrian R. Pearce},
  title        = {Agent-Based Global Transportation Scheduling in Military Logistics},
  booktitle    = {3rd International Joint Conference on Autonomous Agents and Multiagent
                  Systems {(AAMAS} 2004), 19-23 August 2004, New York, NY, {USA}},
  pages        = {1278--1279},
  publisher    = {{IEEE} Computer Society},
  year         = {2004},
  url          = {https://doi.ieeecomputersociety.org/10.1109/AAMAS.2004.10260},
  doi          = {10.1109/AAMAS.2004.10260},
  timestamp    = {Fri, 24 Mar 2023 00:00:00 +0100},
  biburl       = {https://dblp.org/rec/conf/atal/PeruginiLSP04.bib},
  bibsource    = {dblp computer science bibliography, https://dblp.org}
}

@inproceedings{DBLP:conf/atal/ShenZL04,
  author       = {Jiaying Shen and
                  Xiaoqin Zhang and
                  Victor R. Lesser},
  title        = {Degree of Local Cooperation and Its Implication on Global Utility},
  booktitle    = {3rd International Joint Conference on Autonomous Agents and Multiagent
                  Systems {(AAMAS} 2004), 19-23 August 2004, New York, NY, {USA}},
  pages        = {546--553},
  publisher    = {{IEEE} Computer Society},
  year         = {2004},
  url          = {https://doi.ieeecomputersociety.org/10.1109/AAMAS.2004.10117},
  doi          = {10.1109/AAMAS.2004.10117},
  timestamp    = {Fri, 24 Mar 2023 00:00:00 +0100},
  biburl       = {https://dblp.org/rec/conf/atal/ShenZL04.bib},
  bibsource    = {dblp computer science bibliography, https://dblp.org}
}

@inproceedings{DBLP:conf/atal/Vasconcelos03,
  author       = {Wamberto Weber Vasconcelos},
  title        = {Expressive global protocols via logic-based electronic institutions},
  booktitle    = {The Second International Joint Conference on Autonomous Agents {\&}
                  Multiagent Systems, {AAMAS} 2003, July 14-18, 2003, Melbourne, Victoria,
                  Australia, Proceedings},
  pages        = {1150--1151},
  publisher    = {{ACM}},
  year         = {2003},
  url          = {https://doi.org/10.1145/860575.860840},
  doi          = {10.1145/860575.860840},
  timestamp    = {Tue, 06 Nov 2018 00:00:00 +0100},
  biburl       = {https://dblp.org/rec/conf/atal/Vasconcelos03.bib},
  bibsource    = {dblp computer science bibliography, https://dblp.org}
}

