@inproceedings{DBLP:conf/atal/HostetterABC23,
  author       = {John Wesley Hostetter and
                  Mark Abdelshiheed and
                  Tiffany Barnes and
                  Min Chi},
  editor       = {Noa Agmon and
                  Bo An and
                  Alessandro Ricci and
                  William Yeoh},
  title        = {A Self-Organizing Neuro-Fuzzy Q-Network: Systematic Design with Offline
                  Hybrid Learning},
  booktitle    = {Proceedings of the 2023 International Conference on Autonomous Agents
                  and Multiagent Systems, {AAMAS} 2023, London, United Kingdom, 29 May
                  2023 - 2 June 2023},
  pages        = {1248--1257},
  publisher    = {{ACM}},
  year         = {2023},
  url          = {https://dl.acm.org/doi/10.5555/3545946.3598770},
  doi          = {10.5555/3545946.3598770},
  timestamp    = {Tue, 23 May 2023 14:27:14 +0200},
  biburl       = {https://dblp.org/rec/conf/atal/HostetterABC23.bib},
  bibsource    = {dblp computer science bibliography, https://dblp.org}
}

@inproceedings{DBLP:conf/atal/Harwell20,
  author       = {John Harwell},
  editor       = {Amal El Fallah Seghrouchni and
                  Gita Sukthankar and
                  Bo An and
                  Neil Yorke{-}Smith},
  title        = {A Theoretical Framework for Self-Organized Task Allocation in Large
                  Swarms},
  booktitle    = {Proceedings of the 19th International Conference on Autonomous Agents
                  and Multiagent Systems, {AAMAS} '20, Auckland, New Zealand, May 9-13,
                  2020},
  pages        = {2191--2192},
  publisher    = {International Foundation for Autonomous Agents and Multiagent Systems},
  year         = {2020},
  url          = {https://dl.acm.org/doi/10.5555/3398761.3399121},
  doi          = {10.5555/3398761.3399121},
  timestamp    = {Tue, 26 Jul 2022 01:00:00 +0200},
  biburl       = {https://dblp.org/rec/conf/atal/Harwell20.bib},
  bibsource    = {dblp computer science bibliography, https://dblp.org}
}

@inproceedings{DBLP:conf/atal/NagarajanBP20,
  author       = {Sai Ganesh Nagarajan and
                  David Balduzzi and
                  Georgios Piliouras},
  editor       = {Amal El Fallah Seghrouchni and
                  Gita Sukthankar and
                  Bo An and
                  Neil Yorke{-}Smith},
  title        = {Robust Self-organization in Games: Symmetries, Conservation Laws and
                  Dimensionality Reduction},
  booktitle    = {Proceedings of the 19th International Conference on Autonomous Agents
                  and Multiagent Systems, {AAMAS} '20, Auckland, New Zealand, May 9-13,
                  2020},
  pages        = {1946--1948},
  publisher    = {International Foundation for Autonomous Agents and Multiagent Systems},
  year         = {2020},
  url          = {https://dl.acm.org/doi/10.5555/3398761.3399036},
  doi          = {10.5555/3398761.3399036},
  timestamp    = {Tue, 26 Jul 2022 01:00:00 +0200},
  biburl       = {https://dblp.org/rec/conf/atal/NagarajanBP20.bib},
  bibsource    = {dblp computer science bibliography, https://dblp.org}
}

@inproceedings{DBLP:conf/atal/Al-ZinatiZ17,
  author       = {Mohammad Al{-}Zinati and
                  Rym Zalila{-}Wenkstern},
  editor       = {Kate Larson and
                  Michael Winikoff and
                  Sanmay Das and
                  Edmund H. Durfee},
  title        = {An Agent-Based Self-Organizing Traffic Environment for Urban Evacuations},
  booktitle    = {Proceedings of the 16th Conference on Autonomous Agents and MultiAgent
                  Systems, {AAMAS} 2017, S{\~{a}}o Paulo, Brazil, May 8-12, 2017},
  pages        = {1454--1456},
  publisher    = {{ACM}},
  year         = {2017},
  url          = {http://dl.acm.org/citation.cfm?id=3091327},
  timestamp    = {Wed, 27 Sep 2017 07:24:00 +0200},
  biburl       = {https://dblp.org/rec/conf/atal/Al-ZinatiZ17.bib},
  bibsource    = {dblp computer science bibliography, https://dblp.org}
}

@inproceedings{DBLP:conf/atal/Axtell16,
  author       = {Robert L. Axtell},
  editor       = {Catholijn M. Jonker and
                  Stacy Marsella and
                  John Thangarajah and
                  Karl Tuyls},
  title        = {120 Million Agents Self-Organize into 6 Million Firms: {A} Model of
                  the {U.S.} Private Sector},
  booktitle    = {Proceedings of the 2016 International Conference on Autonomous Agents
                  {\&} Multiagent Systems, Singapore, May 9-13, 2016},
  pages        = {806--816},
  publisher    = {{ACM}},
  year         = {2016},
  url          = {http://dl.acm.org/citation.cfm?id=2937042},
  timestamp    = {Fri, 20 May 2016 20:33:29 +0200},
  biburl       = {https://dblp.org/rec/conf/atal/Axtell16.bib},
  bibsource    = {dblp computer science bibliography, https://dblp.org}
}

@inproceedings{DBLP:conf/atal/Al-ZinatiW15,
  author       = {Mohammad Al{-}Zinati and
                  Rym Wenkstern},
  editor       = {Gerhard Weiss and
                  Pinar Yolum and
                  Rafael H. Bordini and
                  Edith Elkind},
  title        = {A Self-Organizing Virtual Environment for Agent-Based Simulations},
  booktitle    = {Proceedings of the 2015 International Conference on Autonomous Agents
                  and Multiagent Systems, {AAMAS} 2015, Istanbul, Turkey, May 4-8, 2015},
  pages        = {1031--1039},
  publisher    = {{ACM}},
  year         = {2015},
  url          = {http://dl.acm.org/citation.cfm?id=2773283},
  timestamp    = {Tue, 08 Mar 2022 10:12:47 +0100},
  biburl       = {https://dblp.org/rec/conf/atal/Al-ZinatiW15.bib},
  bibsource    = {dblp computer science bibliography, https://dblp.org}
}

@inproceedings{DBLP:conf/atal/ValentiniHD15,
  author       = {Gabriele Valentini and
                  Heiko Hamann and
                  Marco Dorigo},
  editor       = {Gerhard Weiss and
                  Pinar Yolum and
                  Rafael H. Bordini and
                  Edith Elkind},
  title        = {Efficient Decision-Making in a Self-Organizing Robot Swarm: On the
                  Speed Versus Accuracy Trade-Off},
  booktitle    = {Proceedings of the 2015 International Conference on Autonomous Agents
                  and Multiagent Systems, {AAMAS} 2015, Istanbul, Turkey, May 4-8, 2015},
  pages        = {1305--1314},
  publisher    = {{ACM}},
  year         = {2015},
  url          = {http://dl.acm.org/citation.cfm?id=2773319},
  timestamp    = {Fri, 15 May 2015 01:00:00 +0200},
  biburl       = {https://dblp.org/rec/conf/atal/ValentiniHD15.bib},
  bibsource    = {dblp computer science bibliography, https://dblp.org}
}

@inproceedings{DBLP:conf/atal/Al-ZinatiZ14,
  author       = {Mohammad Al{-}Zinati and
                  Rym Zalila{-}Wenkstern},
  editor       = {Ana L. C. Bazzan and
                  Michael N. Huhns and
                  Alessio Lomuscio and
                  Paul Scerri},
  title        = {A self-organizing model for decentralized virtual environments in
                  agent-based simulation systems},
  booktitle    = {International conference on Autonomous Agents and Multi-Agent Systems,
                  {AAMAS} '14, Paris, France, May 5-9, 2014},
  pages        = {1583--1584},
  publisher    = {{IFAAMAS/ACM}},
  year         = {2014},
  url          = {http://dl.acm.org/citation.cfm?id=2616073},
  timestamp    = {Thu, 25 Sep 2014 07:46:15 +0200},
  biburl       = {https://dblp.org/rec/conf/atal/Al-ZinatiZ14.bib},
  bibsource    = {dblp computer science bibliography, https://dblp.org}
}

@inproceedings{DBLP:conf/atal/Valentini14,
  author       = {Gabriele Valentini},
  editor       = {Ana L. C. Bazzan and
                  Michael N. Huhns and
                  Alessio Lomuscio and
                  Paul Scerri},
  title        = {Self-organized collective decision-making in swarms of autonomous
                  robots},
  booktitle    = {International conference on Autonomous Agents and Multi-Agent Systems,
                  {AAMAS} '14, Paris, France, May 5-9, 2014},
  pages        = {1703--1704},
  publisher    = {{IFAAMAS/ACM}},
  year         = {2014},
  url          = {http://dl.acm.org/citation.cfm?id=2616135},
  timestamp    = {Thu, 25 Sep 2014 01:00:00 +0200},
  biburl       = {https://dblp.org/rec/conf/atal/Valentini14.bib},
  bibsource    = {dblp computer science bibliography, https://dblp.org}
}

@inproceedings{DBLP:conf/atal/ValentiniHD14,
  author       = {Gabriele Valentini and
                  Heiko Hamann and
                  Marco Dorigo},
  editor       = {Ana L. C. Bazzan and
                  Michael N. Huhns and
                  Alessio Lomuscio and
                  Paul Scerri},
  title        = {Self-organized collective decision making: the weighted voter model},
  booktitle    = {International conference on Autonomous Agents and Multi-Agent Systems,
                  {AAMAS} '14, Paris, France, May 5-9, 2014},
  pages        = {45--52},
  publisher    = {{IFAAMAS/ACM}},
  year         = {2014},
  url          = {http://dl.acm.org/citation.cfm?id=2615742},
  timestamp    = {Thu, 25 Sep 2014 01:00:00 +0200},
  biburl       = {https://dblp.org/rec/conf/atal/ValentiniHD14.bib},
  bibsource    = {dblp computer science bibliography, https://dblp.org}
}

@inproceedings{DBLP:conf/dalt/GrajaMMGK14,
  author       = {Zeineb Graja and
                  Fr{\'{e}}d{\'{e}}ric Migeon and
                  Christine Maurel and
                  Marie{-}Pierre Gleizes and
                  Ahmed Hadj Kacem},
  editor       = {Fabiano Dalpiaz and
                  J{\"{u}}rgen Dix and
                  M. Birna van Riemsdijk},
  title        = {A Stepwise Refinement Based Development of Self-Organizing Multi-Agent
                  Systems: Application to the Foraging Ants},
  booktitle    = {Engineering Multi-Agent Systems - Second International Workshop, {EMAS}
                  2014, Paris, France, May 5-6, 2014, Revised Selected Papers},
  series       = {Lecture Notes in Computer Science},
  volume       = {8758},
  pages        = {40--57},
  publisher    = {Springer},
  year         = {2014},
  url          = {https://doi.org/10.1007/978-3-319-14484-9\_3},
  doi          = {10.1007/978-3-319-14484-9\_3},
  timestamp    = {Mon, 03 Jan 2022 22:22:03 +0100},
  biburl       = {https://dblp.org/rec/conf/dalt/GrajaMMGK14.bib},
  bibsource    = {dblp computer science bibliography, https://dblp.org}
}

@inproceedings{DBLP:conf/aamas/ValVRF12,
  author       = {Elena del Val Noguera and
                  Matteo Vasirani and
                  Miguel Rebollo and
                  Alberto Fern{\'{a}}ndez},
  editor       = {Wiebe van der Hoek and
                  Lin Padgham and
                  Vincent Conitzer and
                  Michael Winikoff},
  title        = {Enhancing decentralized service discovery through structural self-organization},
  booktitle    = {International Conference on Autonomous Agents and Multiagent Systems,
                  {AAMAS} 2012, Valencia, Spain, June 4-8, 2012 {(3} Volumes)},
  pages        = {1429--1430},
  publisher    = {{IFAAMAS}},
  year         = {2012},
  url          = {http://dl.acm.org/citation.cfm?id=2344043},
  timestamp    = {Wed, 20 May 2020 01:00:00 +0200},
  biburl       = {https://dblp.org/rec/conf/aamas/ValVRF12.bib},
  bibsource    = {dblp computer science bibliography, https://dblp.org}
}

@inproceedings{DBLP:conf/aamas/YeZS12,
  author       = {Dayong Ye and
                  Minjie Zhang and
                  Danny Sutanto},
  editor       = {Wiebe van der Hoek and
                  Lin Padgham and
                  Vincent Conitzer and
                  Michael Winikoff},
  title        = {Integrating self-organisation into dynamic coalition formation},
  booktitle    = {International Conference on Autonomous Agents and Multiagent Systems,
                  {AAMAS} 2012, Valencia, Spain, June 4-8, 2012 {(3} Volumes)},
  pages        = {1253--1254},
  publisher    = {{IFAAMAS}},
  year         = {2012},
  url          = {http://dl.acm.org/citation.cfm?id=2343949},
  timestamp    = {Thu, 19 Mar 2015 00:00:00 +0100},
  biburl       = {https://dblp.org/rec/conf/aamas/YeZS12.bib},
  bibsource    = {dblp computer science bibliography, https://dblp.org}
}

@inproceedings{DBLP:conf/aamas/YeZS12a,
  author       = {Dayong Ye and
                  Minjie Zhang and
                  Danny Sutanto},
  editor       = {Wiebe van der Hoek and
                  Lin Padgham and
                  Vincent Conitzer and
                  Michael Winikoff},
  title        = {Cloning, resource exchange and relation adaptation: a self-organising
                  multi-agent framework},
  booktitle    = {International Conference on Autonomous Agents and Multiagent Systems,
                  {AAMAS} 2012, Valencia, Spain, June 4-8, 2012 {(3} Volumes)},
  pages        = {1431--1432},
  publisher    = {{IFAAMAS}},
  year         = {2012},
  url          = {http://dl.acm.org/citation.cfm?id=2344044},
  timestamp    = {Thu, 19 Mar 2015 00:00:00 +0100},
  biburl       = {https://dblp.org/rec/conf/aamas/YeZS12a.bib},
  bibsource    = {dblp computer science bibliography, https://dblp.org}
}

@inproceedings{DBLP:conf/atal/Villatoro11,
  author       = {Daniel Villatoro},
  editor       = {Liz Sonenberg and
                  Peter Stone and
                  Kagan Tumer and
                  Pinar Yolum},
  title        = {Self-organization in decentralized agent societies through social
                  norms},
  booktitle    = {10th International Conference on Autonomous Agents and Multiagent
                  Systems {(AAMAS} 2011), Taipei, Taiwan, May 2-6, 2011, Volume 1-3},
  pages        = {1373--1374},
  publisher    = {{IFAAMAS}},
  year         = {2011},
  url          = {http://portal.acm.org/citation.cfm?id=2034572\&CFID=69154334\&CFTOKEN=45298625},
  timestamp    = {Tue, 19 Nov 2024 15:59:16 +0100},
  biburl       = {https://dblp.org/rec/conf/atal/Villatoro11.bib},
  bibsource    = {dblp computer science bibliography, https://dblp.org}
}

@inproceedings{DBLP:conf/atal/Yadgar10,
  author       = {Osher Yadgar},
  editor       = {Wiebe van der Hoek and
                  Gal A. Kaminka and
                  Yves Lesp{\'{e}}rance and
                  Michael Luck and
                  Sandip Sen},
  title        = {Convoy protection by self-organized teams of UAVs},
  booktitle    = {9th International Conference on Autonomous Agents and Multiagent Systems
                  {(AAMAS} 2010), Toronto, Canada, May 10-14, 2010, Volume 1-3},
  pages        = {1763--1764},
  publisher    = {{IFAAMAS}},
  year         = {2010},
  url          = {https://dl.acm.org/citation.cfm?id=1838539},
  timestamp    = {Fri, 30 Nov 2018 00:00:00 +0100},
  biburl       = {https://dblp.org/rec/conf/atal/Yadgar10.bib},
  bibsource    = {dblp computer science bibliography, https://dblp.org}
}

@inproceedings{DBLP:conf/atal/YeZS10,
  author       = {Dayong Ye and
                  Minjie Zhang and
                  Danny Sutanto},
  editor       = {Wiebe van der Hoek and
                  Gal A. Kaminka and
                  Yves Lesp{\'{e}}rance and
                  Michael Luck and
                  Sandip Sen},
  title        = {Self-organisation in an agent network via learning},
  booktitle    = {9th International Conference on Autonomous Agents and Multiagent Systems
                  {(AAMAS} 2010), Toronto, Canada, May 10-14, 2010, Volume 1-3},
  pages        = {1495--1496},
  publisher    = {{IFAAMAS}},
  year         = {2010},
  url          = {https://dl.acm.org/citation.cfm?id=1838448},
  timestamp    = {Fri, 30 Nov 2018 00:00:00 +0100},
  biburl       = {https://dblp.org/rec/conf/atal/YeZS10.bib},
  bibsource    = {dblp computer science bibliography, https://dblp.org}
}

@inproceedings{DBLP:conf/atal/ZhangLA10,
  author       = {Chongjie Zhang and
                  Victor R. Lesser and
                  Sherief Abdallah},
  editor       = {Wiebe van der Hoek and
                  Gal A. Kaminka and
                  Yves Lesp{\'{e}}rance and
                  Michael Luck and
                  Sandip Sen},
  title        = {Self-organization for coordinating decentralized reinforcement learning},
  booktitle    = {9th International Conference on Autonomous Agents and Multiagent Systems
                  {(AAMAS} 2010), Toronto, Canada, May 10-14, 2010, Volume 1-3},
  pages        = {739--746},
  publisher    = {{IFAAMAS}},
  year         = {2010},
  url          = {https://dl.acm.org/citation.cfm?id=1838304},
  timestamp    = {Fri, 30 Nov 2018 00:00:00 +0100},
  biburl       = {https://dblp.org/rec/conf/atal/ZhangLA10.bib},
  bibsource    = {dblp computer science bibliography, https://dblp.org}
}

@inproceedings{DBLP:conf/atal/JacynoBLP09,
  author       = {Mariusz Jacyno and
                  Seth Bullock and
                  Michael Luck and
                  Terry R. Payne},
  editor       = {Carles Sierra and
                  Cristiano Castelfranchi and
                  Keith S. Decker and
                  Jaime Sim{\~{a}}o Sichman},
  title        = {Emergent service provisioning and demand estimation through self-organizing
                  agent communities},
  booktitle    = {8th International Conference on Autonomous Agents and Multiagent Systems
                  {(AAMAS} 2009), Budapest, Hungary, May 10-15, 2009, Volume 1},
  pages        = {481--488},
  publisher    = {{IFAAMAS}},
  year         = {2009},
  url          = {https://dl.acm.org/citation.cfm?id=1558079},
  timestamp    = {Tue, 05 Nov 2024 14:15:47 +0100},
  biburl       = {https://dblp.org/rec/conf/atal/JacynoBLP09.bib},
  bibsource    = {dblp computer science bibliography, https://dblp.org}
}


@inproceedings{DBLP:conf/atal/KotaGJ09,
  author       = {Ramachandra Kota and
                  Nicholas Gibbins and
                  Nicholas R. Jennings},
  editor       = {Carles Sierra and
                  Cristiano Castelfranchi and
                  Keith S. Decker and
                  Jaime Sim{\~{a}}o Sichman},
  title        = {Self-organising agent organisations},
  booktitle    = {8th International Conference on Autonomous Agents and Multiagent Systems
                  {(AAMAS} 2009), Budapest, Hungary, May 10-15, 2009, Volume 2},
  pages        = {797--804},
  publisher    = {{IFAAMAS}},
  year         = {2009},
  url          = {https://dl.acm.org/citation.cfm?id=1558122},
  timestamp    = {Fri, 30 Nov 2018 00:00:00 +0100},
  biburl       = {https://dblp.org/rec/conf/atal/KotaGJ09.bib},
  bibsource    = {dblp computer science bibliography, https://dblp.org}
}

@inproceedings{DBLP:conf/atal/SadedinG09,
  author       = {Suzanne Sadedin and
                  Christian Guttmann},
  editor       = {Julian A. Padget and
                  Alexander Artikis and
                  Wamberto Weber Vasconcelos and
                  Kostas Stathis and
                  Viviane Torres da Silva and
                  Eric T. Matson and
                  Axel Polleres},
  title        = {Promotion of Selfish Agents in Hierarchical Organisations},
  booktitle    = {Coordination, Organizations, Institutions and Norms in Agent Systems
                  V, {COIN} 2009 International Workshops. COIN@AAMAS 2009, Budapest,
                  Hungary, May 2009, COIN@IJCAI 2009, Pasadena, USA, July 2009, COIN@MALLOW
                  2009, Turin, Italy, September 2009. Revised Selected Papers},
  series       = {Lecture Notes in Computer Science},
  volume       = {6069},
  pages        = {163--178},
  publisher    = {Springer},
  year         = {2009},
  url          = {https://doi.org/10.1007/978-3-642-14962-7\_11},
  doi          = {10.1007/978-3-642-14962-7\_11},
  timestamp    = {Sun, 04 Aug 2024 19:42:37 +0200},
  biburl       = {https://dblp.org/rec/conf/atal/SadedinG09.bib},
  bibsource    = {dblp computer science bibliography, https://dblp.org}
}

@inproceedings{DBLP:conf/atal/SubagdjaT09,
  author       = {Budhitama Subagdja and
                  Ah{-}Hwee Tan},
  editor       = {Carles Sierra and
                  Cristiano Castelfranchi and
                  Keith S. Decker and
                  Jaime Sim{\~{a}}o Sichman},
  title        = {A self-organizing neural network architecture for intentional planning
                  agents},
  booktitle    = {8th International Conference on Autonomous Agents and Multiagent Systems
                  {(AAMAS} 2009), Budapest, Hungary, May 10-15, 2009, Volume 2},
  pages        = {1081--1088},
  publisher    = {{IFAAMAS}},
  year         = {2009},
  url          = {https://dl.acm.org/citation.cfm?id=1558164},
  timestamp    = {Fri, 30 Nov 2018 00:00:00 +0100},
  biburl       = {https://dblp.org/rec/conf/atal/SubagdjaT09.bib},
  bibsource    = {dblp computer science bibliography, https://dblp.org}
}

@inproceedings{DBLP:conf/atal/NagpalYY08,
  author       = {Radhika Nagpal and
                  Chih{-}Han Yu and
                  Daniel Yamins},
  title        = {Engineering self-organizing multi-agent systems},
  booktitle    = {7th International Joint Conference on Autonomous Agents and Multiagent
                  Systems {(AAMAS} 2008), Estoril, Portugal, May 12-16, 2008, Demo Proceedings},
  pages        = {1717},
  publisher    = {{IFAAMAS}},
  year         = {2008},
  url          = {https://dl.acm.org/citation.cfm?id=1402781},
  timestamp    = {Fri, 30 Nov 2018 00:00:00 +0100},
  biburl       = {https://dblp.org/rec/conf/atal/NagpalYY08.bib},
  bibsource    = {dblp computer science bibliography, https://dblp.org}
}

@inproceedings{DBLP:conf/atal/RubensteinS08,
  author       = {Michael Rubenstein and
                  Wei{-}Min Shen},
  editor       = {Lin Padgham and
                  David C. Parkes and
                  J{\"{o}}rg P. M{\"{u}}ller and
                  Simon Parsons},
  title        = {A scalable and distributed model for self-organization and self-healing},
  booktitle    = {7th International Joint Conference on Autonomous Agents and Multiagent
                  Systems {(AAMAS} 2008), Estoril, Portugal, May 12-16, 2008, Volume
                  3},
  pages        = {1179--1182},
  publisher    = {{IFAAMAS}},
  year         = {2008},
  url          = {https://dl.acm.org/citation.cfm?id=1402825},
  timestamp    = {Fri, 30 Nov 2018 00:00:00 +0100},
  biburl       = {https://dblp.org/rec/conf/atal/RubensteinS08.bib},
  bibsource    = {dblp computer science bibliography, https://dblp.org}
}

@inproceedings{DBLP:conf/atal/SansoresP08,
  author       = {Candelaria E. Sansores and
                  Juan Pav{\'{o}}n},
  editor       = {Lin Padgham and
                  David C. Parkes and
                  J{\"{o}}rg P. M{\"{u}}ller and
                  Simon Parsons},
  title        = {An adaptive agent model for self-organizing {MAS}},
  booktitle    = {7th International Joint Conference on Autonomous Agents and Multiagent
                  Systems {(AAMAS} 2008), Estoril, Portugal, May 12-16, 2008, Volume
                  3},
  pages        = {1639--1642},
  publisher    = {{IFAAMAS}},
  year         = {2008},
  url          = {https://dl.acm.org/citation.cfm?id=1402945},
  timestamp    = {Fri, 30 Nov 2018 00:00:00 +0100},
  biburl       = {https://dblp.org/rec/conf/atal/SansoresP08.bib},
  bibsource    = {dblp computer science bibliography, https://dblp.org}
}

@inproceedings{DBLP:conf/atal/TurgutCGS08,
  author       = {Ali Emre Turgut and
                  Hande {\c{C}}elikkanat and
                  Fatih G{\"{o}}k{\c{c}}e and
                  Erol Sahin},
  editor       = {Lin Padgham and
                  David C. Parkes and
                  J{\"{o}}rg P. M{\"{u}}ller and
                  Simon Parsons},
  title        = {Self-organized flocking with a mobile robot swarm},
  booktitle    = {7th International Joint Conference on Autonomous Agents and Multiagent
                  Systems {(AAMAS} 2008), Estoril, Portugal, May 12-16, 2008, Volume
                  1},
  pages        = {39--46},
  publisher    = {{IFAAMAS}},
  year         = {2008},
  url          = {https://dl.acm.org/citation.cfm?id=1402394},
  timestamp    = {Fri, 30 Nov 2018 00:00:00 +0100},
  biburl       = {https://dblp.org/rec/conf/atal/TurgutCGS08.bib},
  bibsource    = {dblp computer science bibliography, https://dblp.org}
}

@inproceedings{DBLP:conf/atal/AbdallahL07,
  author       = {Sherief Abdallah and
                  Victor R. Lesser},
  editor       = {Edmund H. Durfee and
                  Makoto Yokoo and
                  Michael N. Huhns and
                  Onn Shehory},
  title        = {Multiagent reinforcement learning and self-organization in a network
                  of agents},
  booktitle    = {6th International Joint Conference on Autonomous Agents and Multiagent
                  Systems {(AAMAS} 2007), Honolulu, Hawaii, USA, May 14-18, 2007},
  pages        = {39},
  publisher    = {{IFAAMAS}},
  year         = {2007},
  url          = {https://doi.org/10.1145/1329125.1329172},
  doi          = {10.1145/1329125.1329172},
  timestamp    = {Wed, 25 Sep 2019 01:00:00 +0200},
  biburl       = {https://dblp.org/rec/conf/atal/AbdallahL07.bib},
  bibsource    = {dblp computer science bibliography, https://dblp.org}
}


@inproceedings{DBLP:conf/atal/MoonC07,
  author       = {Il{-}Chul Moon and
                  Kathleen M. Carley},
  editor       = {Edmund H. Durfee and
                  Makoto Yokoo and
                  Michael N. Huhns and
                  Onn Shehory},
  title        = {Self-organizing social and spatial networks under what-if scenarios},
  booktitle    = {6th International Joint Conference on Autonomous Agents and Multiagent
                  Systems {(AAMAS} 2007), Honolulu, Hawaii, USA, May 14-18, 2007},
  pages        = {252},
  publisher    = {{IFAAMAS}},
  year         = {2007},
  url          = {https://doi.org/10.1145/1329125.1329430},
  doi          = {10.1145/1329125.1329430},
  timestamp    = {Tue, 06 Nov 2018 00:00:00 +0100},
  biburl       = {https://dblp.org/rec/conf/atal/MoonC07.bib},
  bibsource    = {dblp computer science bibliography, https://dblp.org}
}

@inproceedings{DBLP:conf/atal/SchlegelK07,
  author       = {Tino Schlegel and
                  Ryszard Kowalczyk},
  editor       = {Edmund H. Durfee and
                  Makoto Yokoo and
                  Michael N. Huhns and
                  Onn Shehory},
  title        = {Towards self-organising agent-based resource allocation in a multi-server
                  environment},
  booktitle    = {6th International Joint Conference on Autonomous Agents and Multiagent
                  Systems {(AAMAS} 2007), Honolulu, Hawaii, USA, May 14-18, 2007},
  pages        = {18},
  publisher    = {{IFAAMAS}},
  year         = {2007},
  url          = {https://doi.org/10.1145/1329125.1329147},
  doi          = {10.1145/1329125.1329147},
  timestamp    = {Tue, 06 Nov 2018 00:00:00 +0100},
  biburl       = {https://dblp.org/rec/conf/atal/SchlegelK07.bib},
  bibsource    = {dblp computer science bibliography, https://dblp.org}
}


@inproceedings{DBLP:conf/atal/GeorgeG05,
  author       = {Jean{-}Pierre Georg{\'{e}} and
                  Marie{-}Pierre Gleizes},
  editor       = {Frank Dignum and
                  Virginia Dignum and
                  Sven Koenig and
                  Sarit Kraus and
                  Munindar P. Singh and
                  Michael J. Wooldridge},
  title        = {Emergent programming feasibility study using self-organizing instruction-agents},
  booktitle    = {4th International Joint Conference on Autonomous Agents and Multiagent
                  Systems {(AAMAS} 2005), July 25-29, 2005, Utrecht, The Netherlands},
  pages        = {1139--1140},
  publisher    = {{ACM}},
  year         = {2005},
  url          = {https://doi.org/10.1145/1082473.1082662},
  doi          = {10.1145/1082473.1082662},
  timestamp    = {Mon, 07 Oct 2019 01:00:00 +0200},
  biburl       = {https://dblp.org/rec/conf/atal/GeorgeG05.bib},
  bibsource    = {dblp computer science bibliography, https://dblp.org}
}

@inproceedings{DBLP:conf/atal/ParunakB04,
  author       = {H. Van Dyke Parunak and
                  Sven Brueckner},
  title        = {Stigmergic Learning for Self-Organizing Mobile Ad-Hoc Networks (MANET's)},
  booktitle    = {3rd International Joint Conference on Autonomous Agents and Multiagent
                  Systems {(AAMAS} 2004), 19-23 August 2004, New York, NY, {USA}},
  pages        = {1324--1325},
  publisher    = {{IEEE} Computer Society},
  year         = {2004},
  url          = {https://doi.ieeecomputersociety.org/10.1109/AAMAS.2004.10262},
  doi          = {10.1109/AAMAS.2004.10262},
  timestamp    = {Fri, 24 Mar 2023 00:00:00 +0100},
  biburl       = {https://dblp.org/rec/conf/atal/ParunakB04.bib},
  bibsource    = {dblp computer science bibliography, https://dblp.org}
}

@inproceedings{DBLP:conf/atal/KnabeSF03,
  author       = {Tore Knabe and
                  Michael Schillo and
                  Klaus Fischer},
  title        = {Inter-organizational networks as patterns for self-organizing multiagent
                  systems},
  booktitle    = {The Second International Joint Conference on Autonomous Agents {\&}
                  Multiagent Systems, {AAMAS} 2003, July 14-18, 2003, Melbourne, Victoria,
                  Australia, Proceedings},
  pages        = {1036--1037},
  publisher    = {{ACM}},
  year         = {2003},
  url          = {https://doi.org/10.1145/860575.860783},
  doi          = {10.1145/860575.860783},
  timestamp    = {Tue, 06 Nov 2018 00:00:00 +0100},
  biburl       = {https://dblp.org/rec/conf/atal/KnabeSF03.bib},
  bibsource    = {dblp computer science bibliography, https://dblp.org}
}

@inproceedings{DBLP:conf/atal/LawlorW03,
  author       = {Michael Lawlor and
                  Tony White},
  title        = {A self organizing social insect model for dynamic frequency allocation
                  in cellular telephone networks},
  booktitle    = {The Second International Joint Conference on Autonomous Agents {\&}
                  Multiagent Systems, {AAMAS} 2003, July 14-18, 2003, Melbourne, Victoria,
                  Australia, Proceedings},
  pages        = {1048--1049},
  publisher    = {{ACM}},
  year         = {2003},
  url          = {https://doi.org/10.1145/860575.860789},
  doi          = {10.1145/860575.860789},
  timestamp    = {Tue, 06 Nov 2018 00:00:00 +0100},
  biburl       = {https://dblp.org/rec/conf/atal/LawlorW03.bib},
  bibsource    = {dblp computer science bibliography, https://dblp.org}
}

@inproceedings{DBLP:conf/atal/LovattPPPVW03,
  author       = {Howard Lovatt and
                  Geoff Poulton and
                  Don Price and
                  Mikhail Prokopenko and
                  Philip Valencia and
                  Peter Wang},
  title        = {Self-organising impact boundaries in ageless aerospace vehicles},
  booktitle    = {The Second International Joint Conference on Autonomous Agents {\&}
                  Multiagent Systems, {AAMAS} 2003, July 14-18, 2003, Melbourne, Victoria,
                  Australia, Proceedings},
  pages        = {249--256},
  publisher    = {{ACM}},
  year         = {2003},
  url          = {https://doi.org/10.1145/860575.860615},
  doi          = {10.1145/860575.860615},
  timestamp    = {Tue, 06 Nov 2018 00:00:00 +0100},
  biburl       = {https://dblp.org/rec/conf/atal/LovattPPPVW03.bib},
  bibsource    = {dblp computer science bibliography, https://dblp.org}
}

@inproceedings{DBLP:conf/atal/SimsGL03,
  author       = {Mark Sims and
                  Claudia V. Goldman and
                  Victor R. Lesser},
  title        = {Self-organization through bottom-up coalition formation},
  booktitle    = {The Second International Joint Conference on Autonomous Agents {\&}
                  Multiagent Systems, {AAMAS} 2003, July 14-18, 2003, Melbourne, Victoria,
                  Australia, Proceedings},
  pages        = {867--874},
  publisher    = {{ACM}},
  year         = {2003},
  url          = {https://doi.org/10.1145/860575.860715},
  doi          = {10.1145/860575.860715},
  timestamp    = {Tue, 06 Nov 2018 00:00:00 +0100},
  biburl       = {https://dblp.org/rec/conf/atal/SimsGL03.bib},
  bibsource    = {dblp computer science bibliography, https://dblp.org}
}

@inproceedings{DBLP:conf/atal/KaiserTL02,
  author       = {Markus J. Kaiser and
                  Kwok Ching Tsui and
                  Jiming Liu},
  title        = {Self-organized autonomous web proxies},
  booktitle    = {The First International Joint Conference on Autonomous Agents {\&}
                  Multiagent Systems, {AAMAS} 2002, July 15-19, 2002, Bologna, Italy,
                  Proceedings},
  pages        = {1397--1404},
  publisher    = {{ACM}},
  year         = {2002},
  url          = {https://doi.org/10.1145/545056.545142},
  doi          = {10.1145/545056.545142},
  timestamp    = {Tue, 06 Nov 2018 00:00:00 +0100},
  biburl       = {https://dblp.org/rec/conf/atal/KaiserTL02.bib},
  bibsource    = {dblp computer science bibliography, https://dblp.org}
}

@inproceedings{DBLP:conf/atal/Wang02,
  author       = {Fang Wang},
  title        = {Self-organising communities formed by middle agents},
  booktitle    = {The First International Joint Conference on Autonomous Agents {\&}
                  Multiagent Systems, {AAMAS} 2002, July 15-19, 2002, Bologna, Italy,
                  Proceedings},
  pages        = {1333--1339},
  publisher    = {{ACM}},
  year         = {2002},
  url          = {https://doi.org/10.1145/545056.545128},
  doi          = {10.1145/545056.545128},
  timestamp    = {Thu, 08 Feb 2024 00:00:00 +0100},
  biburl       = {https://dblp.org/rec/conf/atal/Wang02.bib},
  bibsource    = {dblp computer science bibliography, https://dblp.org}
}

