@inproceedings{DBLP:conf/ifaamas/ChenS0F025,
  author       = {Zhixun Chen and
                  Zijing Shi and
                  Yaodong Yang and
                  Meng Fang and
                  Yali Du},
  editor       = {Sanmay Das and
                  Ann Now{\'{e}} and
                  Yevgeniy Vorobeychik},
  title        = {Hierarchical Multi-Agent Framework for Dynamic Macroeconomic Modelling
                  Using Large Language Models},
  booktitle    = {Proceedings of the 24th International Conference on Autonomous Agents
                  and Multiagent Systems, {AAMAS} 2025, Detroit, MI, USA, May 19-23,
                  2025},
  pages        = {2460--2462},
  publisher    = {International Foundation for Autonomous Agents and Multiagent Systems
                  / {ACM}},
  year         = {2025},
  url          = {https://dl.acm.org/doi/10.5555/3709347.3743903},
  doi          = {10.5555/3709347.3743903},
  timestamp    = {Tue, 29 Jul 2025 14:24:35 +0200},
  biburl       = {https://dblp.org/rec/conf/ifaamas/ChenS0F025.bib},
  bibsource    = {dblp computer science bibliography, https://dblp.org}
}

@inproceedings{DBLP:conf/ifaamas/EdwardsH25,
  author       = {Victoria M. Edwards and
                  M. Ani Hsieh},
  editor       = {Sanmay Das and
                  Ann Now{\'{e}} and
                  Yevgeniy Vorobeychik},
  title        = {Distributed Adaptive Macroscopic Ensemble Task Allocation of Heterogeneous
                  Robot Teams in Dynamic Environments},
  booktitle    = {Proceedings of the 24th International Conference on Autonomous Agents
                  and Multiagent Systems, {AAMAS} 2025, Detroit, MI, USA, May 19-23,
                  2025},
  pages        = {2502--2503},
  publisher    = {International Foundation for Autonomous Agents and Multiagent Systems
                  / {ACM}},
  year         = {2025},
  url          = {https://dl.acm.org/doi/10.5555/3709347.3743917},
  doi          = {10.5555/3709347.3743917},
  timestamp    = {Tue, 29 Jul 2025 01:00:00 +0200},
  biburl       = {https://dblp.org/rec/conf/ifaamas/EdwardsH25.bib},
  bibsource    = {dblp computer science bibliography, https://dblp.org}
}

@inproceedings{DBLP:conf/atal/WoodgateA22,
  author       = {Jessica Woodgate and
                  Nirav Ajmeri},
  editor       = {Piotr Faliszewski and
                  Viviana Mascardi and
                  Catherine Pelachaud and
                  Matthew E. Taylor},
  title        = {Macro Ethics for Governing Equitable Sociotechnical Systems},
  booktitle    = {21st International Conference on Autonomous Agents and Multiagent
                  Systems, {AAMAS} 2022, Auckland, New Zealand, May 9-13, 2022},
  pages        = {1824--1828},
  publisher    = {International Foundation for Autonomous Agents and Multiagent Systems
                  {(IFAAMAS)}},
  year         = {2022},
  url          = {https://www.ifaamas.org/Proceedings/aamas2022/pdfs/p1824.pdf},
  doi          = {10.5555/3535850.3536118},
  timestamp    = {Mon, 18 Jul 2022 17:13:00 +0200},
  biburl       = {https://dblp.org/rec/conf/atal/WoodgateA22.bib},
  bibsource    = {dblp computer science bibliography, https://dblp.org}
}

@inproceedings{DBLP:conf/atal/GarciaST19,
  author       = {Francisco M. Garcia and
                  Bruno C. da Silva and
                  Philip S. Thomas},
  editor       = {Edith Elkind and
                  Manuela Veloso and
                  Noa Agmon and
                  Matthew E. Taylor},
  title        = {A Compression-Inspired Framework for Macro Discovery},
  booktitle    = {Proceedings of the 18th International Conference on Autonomous Agents
                  and MultiAgent Systems, {AAMAS} '19, Montreal, QC, Canada, May 13-17,
                  2019},
  pages        = {1973--1975},
  publisher    = {International Foundation for Autonomous Agents and Multiagent Systems},
  year         = {2019},
  url          = {http://dl.acm.org/citation.cfm?id=3331981},
  timestamp    = {Fri, 11 Oct 2019 01:00:00 +0200},
  biburl       = {https://dblp.org/rec/conf/atal/GarciaST19.bib},
  bibsource    = {dblp computer science bibliography, https://dblp.org}
}

@inproceedings{DBLP:conf/atal/TomarSR19,
  author       = {Manan Tomar and
                  Akhil Sathuluri and
                  Balaraman Ravindran},
  editor       = {Edith Elkind and
                  Manuela Veloso and
                  Noa Agmon and
                  Matthew E. Taylor},
  title        = {MaMiC: Macro and Micro Curriculum for Robotic Reinforcement Learning},
  booktitle    = {Proceedings of the 18th International Conference on Autonomous Agents
                  and MultiAgent Systems, {AAMAS} '19, Montreal, QC, Canada, May 13-17,
                  2019},
  pages        = {2226--2228},
  publisher    = {International Foundation for Autonomous Agents and Multiagent Systems},
  year         = {2019},
  url          = {http://dl.acm.org/citation.cfm?id=3332066},
  timestamp    = {Wed, 29 May 2019 01:00:00 +0200},
  biburl       = {https://dblp.org/rec/conf/atal/TomarSR19.bib},
  bibsource    = {dblp computer science bibliography, https://dblp.org}
}

@inproceedings{DBLP:conf/atal/AmatoKK14,
  author       = {Christopher Amato and
                  George Dimitri Konidaris and
                  Leslie Pack Kaelbling},
  editor       = {Ana L. C. Bazzan and
                  Michael N. Huhns and
                  Alessio Lomuscio and
                  Paul Scerri},
  title        = {Planning with macro-actions in decentralized POMDPs},
  booktitle    = {International conference on Autonomous Agents and Multi-Agent Systems,
                  {AAMAS} '14, Paris, France, May 5-9, 2014},
  pages        = {1273--1280},
  publisher    = {{IFAAMAS/ACM}},
  year         = {2014},
  url          = {http://dl.acm.org/citation.cfm?id=2617451},
  timestamp    = {Tue, 19 Nov 2019 00:00:00 +0100},
  biburl       = {https://dblp.org/rec/conf/atal/AmatoKK14.bib},
  bibsource    = {dblp computer science bibliography, https://dblp.org}
}

@inproceedings{DBLP:conf/atal/SahraeiWT13,
  author       = {Bijan Ranjbar Sahraei and
                  Gerhard Weiss and
                  Karl Tuyls},
  editor       = {Maria L. Gini and
                  Onn Shehory and
                  Takayuki Ito and
                  Catholijn M. Jonker},
  title        = {A macroscopic model for multi-robot stigmergic coverage},
  booktitle    = {International conference on Autonomous Agents and Multi-Agent Systems,
                  {AAMAS} '13, Saint Paul, MN, USA, May 6-10, 2013},
  pages        = {1233--1234},
  publisher    = {{IFAAMAS}},
  year         = {2013},
  url          = {http://dl.acm.org/citation.cfm?id=2485159},
  timestamp    = {Tue, 08 Mar 2022 00:00:00 +0100},
  biburl       = {https://dblp.org/rec/conf/atal/SahraeiWT13.bib},
  bibsource    = {dblp computer science bibliography, https://dblp.org}
}

@inproceedings{DBLP:conf/atal/NguyenZDDV11,
  author       = {Thi Anh Ngoc Nguyen and
                  Jean{-}Daniel Zucker and
                  Nguyen Huu Du and
                  Alexis Drogoul and
                  Duc{-}An Vo},
  editor       = {Francien Dechesne and
                  Hiromitsu Hattori and
                  Adriaan ter Mors and
                  Jose M. Such and
                  Danny Weyns and
                  Frank Dignum},
  title        = {A Hybrid Macro-Micro Pedestrians Evacuation Model to Speed Up Simulation
                  in Road Networks},
  booktitle    = {Advanced Agent Technology - {AAMAS} 2011 Workshops, AMPLE, AOSE, ARMS,
                  DOCM3AS, ITMAS, Taipei, Taiwan, May 2-6, 2011. Revised Selected Papers},
  series       = {Lecture Notes in Computer Science},
  volume       = {7068},
  pages        = {371--383},
  publisher    = {Springer},
  year         = {2011},
  url          = {https://doi.org/10.1007/978-3-642-27216-5\_28},
  doi          = {10.1007/978-3-642-27216-5\_28},
  timestamp    = {Tue, 14 May 2019 10:00:54 +0200},
  biburl       = {https://dblp.org/rec/conf/atal/NguyenZDDV11.bib},
  bibsource    = {dblp computer science bibliography, https://dblp.org}
}

@inproceedings{DBLP:conf/atal/SudeikatR09,
  author       = {Jan Sudeikat and
                  Wolfgang Renz},
  editor       = {Carles Sierra and
                  Cristiano Castelfranchi and
                  Keith S. Decker and
                  Jaime Sim{\~{a}}o Sichman},
  title        = {Supporting agent-oriented designs with models of macroscopic system
                  behavior},
  booktitle    = {8th International Conference on Autonomous Agents and Multiagent Systems
                  {(AAMAS} 2009), Budapest, Hungary, May 10-15, 2009, Volume 2},
  pages        = {1355--1356},
  publisher    = {{IFAAMAS}},
  year         = {2009},
  url          = {https://dl.acm.org/citation.cfm?id=1558291},
  timestamp    = {Tue, 05 Nov 2024 14:15:47 +0100},
  biburl       = {https://dblp.org/rec/conf/atal/SudeikatR09.bib},
  bibsource    = {dblp computer science bibliography, https://dblp.org}
}

@inproceedings{DBLP:conf/atal/WangL03,
  author       = {Yuanshi Wang and
                  Jiming Liu},
  title        = {Macroscopic model of agent-based load balancing on grids},
  booktitle    = {The Second International Joint Conference on Autonomous Agents {\&}
                  Multiagent Systems, {AAMAS} 2003, July 14-18, 2003, Melbourne, Victoria,
                  Australia, Proceedings},
  pages        = {804--811},
  publisher    = {{ACM}},
  year         = {2003},
  url          = {https://doi.org/10.1145/860575.860704},
  doi          = {10.1145/860575.860704},
  timestamp    = {Tue, 06 Nov 2018 00:00:00 +0100},
  biburl       = {https://dblp.org/rec/conf/atal/WangL03.bib},
  bibsource    = {dblp computer science bibliography, https://dblp.org}
}

