@inproceedings{DBLP:conf/ifaamas/BaldoniBGMO025,
  author       = {Matteo Baldoni and
                  Cristina Baroglio and
                  St{\'{e}}phane Galland and
                  Roberto Micalizio and
                  Fatma Outay and
                  Stefano Tedeschi},
  editor       = {Sanmay Das and
                  Ann Now{\'{e}} and
                  Yevgeniy Vorobeychik},
  title        = {Interaction Protocols in an Imperative Agent-Oriented Programming
                  Language: the case of {BSPL} and {SARL}},
  booktitle    = {Proceedings of the 24th International Conference on Autonomous Agents
                  and Multiagent Systems, {AAMAS} 2025, Detroit, MI, USA, May 19-23,
                  2025},
  pages        = {2426--2427},
  publisher    = {International Foundation for Autonomous Agents and Multiagent Systems
                  / {ACM}},
  year         = {2025},
  url          = {https://dl.acm.org/doi/10.5555/3709347.3743891},
  doi          = {10.5555/3709347.3743891},
  timestamp    = {Tue, 29 Jul 2025 14:24:35 +0200},
  biburl       = {https://dblp.org/rec/conf/ifaamas/BaldoniBGMO025.bib},
  bibsource    = {dblp computer science bibliography, https://dblp.org}
}

@inproceedings{DBLP:conf/ifaamas/BaldoniCSC25,
  author       = {Matteo Baldoni and
                  Samuel Christie and
                  Munindar P. Singh and
                  Amit K. Chopra},
  editor       = {Sanmay Das and
                  Ann Now{\'{e}} and
                  Yevgeniy Vorobeychik},
  title        = {Orpheus: Programming Protocol-Based {BDI} Agents},
  booktitle    = {Proceedings of the 24th International Conference on Autonomous Agents
                  and Multiagent Systems, {AAMAS} 2025, Detroit, MI, USA, May 19-23,
                  2025},
  pages        = {3006--3008},
  publisher    = {International Foundation for Autonomous Agents and Multiagent Systems
                  / {ACM}},
  year         = {2025},
  url          = {https://dl.acm.org/doi/10.5555/3709347.3744074},
  doi          = {10.5555/3709347.3744074},
  timestamp    = {Tue, 29 Jul 2025 01:00:00 +0200},
  biburl       = {https://dblp.org/rec/conf/ifaamas/BaldoniCSC25.bib},
  bibsource    = {dblp computer science bibliography, https://dblp.org}
}

@inproceedings{DBLP:conf/ifaamas/Liu0FKMFT25,
  author       = {Xinjie Liu and
                  Jingqi Li and
                  Filippos Fotiadis and
                  Mustafa O. Karabag and
                  Jesse Milzman and
                  David Fridovich{-}Keil and
                  Ufuk Topcu},
  editor       = {Sanmay Das and
                  Ann Now{\'{e}} and
                  Yevgeniy Vorobeychik},
  title        = {Policies with Sparse Inter-Agent Dependencies in Dynamic Games: {A}
                  Dynamic Programming Approach},
  booktitle    = {Proceedings of the 24th International Conference on Autonomous Agents
                  and Multiagent Systems, {AAMAS} 2025, Detroit, MI, USA, May 19-23,
                  2025},
  pages        = {2633--2635},
  publisher    = {International Foundation for Autonomous Agents and Multiagent Systems
                  / {ACM}},
  year         = {2025},
  url          = {https://dl.acm.org/doi/10.5555/3709347.3743961},
  doi          = {10.5555/3709347.3743961},
  timestamp    = {Tue, 29 Jul 2025 01:00:00 +0200},
  biburl       = {https://dblp.org/rec/conf/ifaamas/Liu0FKMFT25.bib},
  bibsource    = {dblp computer science bibliography, https://dblp.org}
}

@inproceedings{DBLP:conf/atal/BaiardiBCPOR24,
  author       = {Martina Baiardi and
                  Samuele Burattini and
                  Giovanni Ciatto and
                  Danilo Pianini and
                  Andrea Omicini and
                  Alessandro Ricci},
  editor       = {Mehdi Dastani and
                  Jaime Sim{\~{a}}o Sichman and
                  Natasha Alechina and
                  Virginia Dignum},
  title        = {Concurrency Model of {BDI} Programming Frameworks: Why Should We Control
                  It?},
  booktitle    = {Proceedings of the 23rd International Conference on Autonomous Agents
                  and Multiagent Systems, {AAMAS} 2024, Auckland, New Zealand, May 6-10,
                  2024},
  pages        = {2147--2149},
  publisher    = {International Foundation for Autonomous Agents and Multiagent Systems
                  / {ACM}},
  year         = {2024},
  url          = {https://dl.acm.org/doi/10.5555/3635637.3663089},
  doi          = {10.5555/3635637.3663089},
  timestamp    = {Wed, 26 Jun 2024 14:06:50 +0200},
  biburl       = {https://dblp.org/rec/conf/atal/BaiardiBCPOR24.bib},
  bibsource    = {dblp computer science bibliography, https://dblp.org}
}

@inproceedings{DBLP:conf/atal/GorbatovskiK24,
  author       = {Alexey Gorbatovski and
                  Sergey V. Kovalchuk},
  editor       = {Mehdi Dastani and
                  Jaime Sim{\~{a}}o Sichman and
                  Natasha Alechina and
                  Virginia Dignum},
  title        = {Reinforcement Learning for Question Answering in Programming Domain
                  using Public Community Scoring as a Human Feedback},
  booktitle    = {Proceedings of the 23rd International Conference on Autonomous Agents
                  and Multiagent Systems, {AAMAS} 2024, Auckland, New Zealand, May 6-10,
                  2024},
  pages        = {2294--2296},
  publisher    = {International Foundation for Autonomous Agents and Multiagent Systems
                  / {ACM}},
  year         = {2024},
  url          = {https://dl.acm.org/doi/10.5555/3635637.3663138},
  doi          = {10.5555/3635637.3663138},
  timestamp    = {Fri, 03 May 2024 01:00:00 +0200},
  biburl       = {https://dblp.org/rec/conf/atal/GorbatovskiK24.bib},
  bibsource    = {dblp computer science bibliography, https://dblp.org}
}

@inproceedings{DBLP:conf/atal/Kumar24,
  author       = {Akshat Kumar},
  editor       = {Mehdi Dastani and
                  Jaime Sim{\~{a}}o Sichman and
                  Natasha Alechina and
                  Virginia Dignum},
  title        = {Difference of Convex Functions Programming for Policy Optimization
                  in Reinforcement Learning},
  booktitle    = {Proceedings of the 23rd International Conference on Autonomous Agents
                  and Multiagent Systems, {AAMAS} 2024, Auckland, New Zealand, May 6-10,
                  2024},
  pages        = {2339--2341},
  publisher    = {International Foundation for Autonomous Agents and Multiagent Systems
                  / {ACM}},
  year         = {2024},
  url          = {https://dl.acm.org/doi/10.5555/3635637.3663153},
  doi          = {10.5555/3635637.3663153},
  timestamp    = {Fri, 03 May 2024 01:00:00 +0200},
  biburl       = {https://dblp.org/rec/conf/atal/Kumar24.bib},
  bibsource    = {dblp computer science bibliography, https://dblp.org}
}

@inproceedings{DBLP:conf/atal/LiuL24,
  author       = {Ziqi Liu and
                  Laurence Liu},
  editor       = {Mehdi Dastani and
                  Jaime Sim{\~{a}}o Sichman and
                  Natasha Alechina and
                  Virginia Dignum},
  title        = {GraphSAID: Graph Sampling via Attention based Integer Programming
                  Method},
  booktitle    = {Proceedings of the 23rd International Conference on Autonomous Agents
                  and Multiagent Systems, {AAMAS} 2024, Auckland, New Zealand, May 6-10,
                  2024},
  pages        = {1256--1264},
  publisher    = {International Foundation for Autonomous Agents and Multiagent Systems
                  / {ACM}},
  year         = {2024},
  url          = {https://dl.acm.org/doi/10.5555/3635637.3662983},
  doi          = {10.5555/3635637.3662983},
  timestamp    = {Fri, 03 May 2024 01:00:00 +0200},
  biburl       = {https://dblp.org/rec/conf/atal/LiuL24.bib},
  bibsource    = {dblp computer science bibliography, https://dblp.org}
}

@inproceedings{DBLP:conf/atal/MontesL0RS24,
  author       = {Nieves Montes and
                  Michael Luck and
                  Nardine Osman and
                  Odinaldo Rodrigues and
                  Carles Sierra},
  editor       = {Mehdi Dastani and
                  Jaime Sim{\~{a}}o Sichman and
                  Natasha Alechina and
                  Virginia Dignum},
  title        = {Combining Theory of Mind and Abductive Reasoning in Agent-Oriented
                  Programming},
  booktitle    = {Proceedings of the 23rd International Conference on Autonomous Agents
                  and Multiagent Systems, {AAMAS} 2024, Auckland, New Zealand, May 6-10,
                  2024},
  pages        = {2839--2841},
  publisher    = {International Foundation for Autonomous Agents and Multiagent Systems
                  / {ACM}},
  year         = {2024},
  url          = {https://dl.acm.org/doi/10.5555/3635637.3663306},
  doi          = {10.5555/3635637.3663306},
  timestamp    = {Fri, 03 May 2024 01:00:00 +0200},
  biburl       = {https://dblp.org/rec/conf/atal/MontesL0RS24.bib},
  bibsource    = {dblp computer science bibliography, https://dblp.org}
}

@inproceedings{DBLP:conf/atal/AmaralHK23,
  author       = {Cleber Jorge Amaral and
                  Jomi Fred H{\"{u}}bner and
                  Timotheus Kampik},
  editor       = {Noa Agmon and
                  Bo An and
                  Alessandro Ricci and
                  William Yeoh},
  title        = {{TDD} for {AOP:} Test-Driven Development for Agent-Oriented Programming},
  booktitle    = {Proceedings of the 2023 International Conference on Autonomous Agents
                  and Multiagent Systems, {AAMAS} 2023, London, United Kingdom, 29 May
                  2023 - 2 June 2023},
  pages        = {3038--3040},
  publisher    = {{ACM}},
  year         = {2023},
  url          = {https://dl.acm.org/doi/10.5555/3545946.3599165},
  doi          = {10.5555/3545946.3599165},
  timestamp    = {Tue, 23 May 2023 14:27:14 +0200},
  biburl       = {https://dblp.org/rec/conf/atal/AmaralHK23.bib},
  bibsource    = {dblp computer science bibliography, https://dblp.org}
}

@inproceedings{DBLP:conf/atal/ChopraVS23,
  author       = {Amit K. Chopra and
                  Samuel H. Christie V. and
                  Munindar P. Singh},
  editor       = {Noa Agmon and
                  Bo An and
                  Alessandro Ricci and
                  William Yeoh},
  title        = {Interaction-Oriented Programming: Intelligent, Meaning-Based Multiagent
                  Systems},
  booktitle    = {Proceedings of the 2023 International Conference on Autonomous Agents
                  and Multiagent Systems, {AAMAS} 2023, London, United Kingdom, 29 May
                  2023 - 2 June 2023},
  pages        = {3041--3043},
  publisher    = {{ACM}},
  year         = {2023},
  url          = {https://dl.acm.org/doi/10.5555/3545946.3599166},
  doi          = {10.5555/3545946.3599166},
  timestamp    = {Tue, 23 May 2023 01:00:00 +0200},
  biburl       = {https://dblp.org/rec/conf/atal/ChopraVS23.bib},
  bibsource    = {dblp computer science bibliography, https://dblp.org}
}

@inproceedings{DBLP:conf/atal/VSC23,
  author       = {Samuel H. Christie V. and
                  Munindar P. Singh and
                  Amit K. Chopra},
  editor       = {Noa Agmon and
                  Bo An and
                  Alessandro Ricci and
                  William Yeoh},
  title        = {Kiko: Programming Agents to Enact Interaction Models},
  booktitle    = {Proceedings of the 2023 International Conference on Autonomous Agents
                  and Multiagent Systems, {AAMAS} 2023, London, United Kingdom, 29 May
                  2023 - 2 June 2023},
  pages        = {1154--1163},
  publisher    = {{ACM}},
  year         = {2023},
  url          = {https://dl.acm.org/doi/10.5555/3545946.3598758},
  doi          = {10.5555/3545946.3598758},
  timestamp    = {Tue, 23 May 2023 01:00:00 +0200},
  biburl       = {https://dblp.org/rec/conf/atal/VSC23.bib},
  bibsource    = {dblp computer science bibliography, https://dblp.org}
}

@inproceedings{DBLP:conf/atal/VSC23a,
  author       = {Samuel H. Christie V. and
                  Munindar P. Singh and
                  Amit K. Chopra},
  editor       = {Noa Agmon and
                  Bo An and
                  Alessandro Ricci and
                  William Yeoh},
  title        = {Mandrake: Multiagent Systems as a Basis for Programming Fault-Tolerant
                  Decentralized Applications},
  booktitle    = {Proceedings of the 2023 International Conference on Autonomous Agents
                  and Multiagent Systems, {AAMAS} 2023, London, United Kingdom, 29 May
                  2023 - 2 June 2023},
  pages        = {1218--1220},
  publisher    = {{ACM}},
  year         = {2023},
  url          = {https://dl.acm.org/doi/10.5555/3545946.3598765},
  doi          = {10.5555/3545946.3598765},
  timestamp    = {Tue, 23 May 2023 01:00:00 +0200},
  biburl       = {https://dblp.org/rec/conf/atal/VSC23a.bib},
  bibsource    = {dblp computer science bibliography, https://dblp.org}
}

@inproceedings{DBLP:conf/atal/Ricci22,
  author       = {Alessandro Ricci},
  editor       = {Piotr Faliszewski and
                  Viviana Mascardi and
                  Catherine Pelachaud and
                  Matthew E. Taylor},
  title        = {"Go to the Children": Rethinking Intelligent Agent Design and Programming
                  in a Developmental Learning Perspective},
  booktitle    = {21st International Conference on Autonomous Agents and Multiagent
                  Systems, {AAMAS} 2022, Auckland, New Zealand, May 9-13, 2022},
  pages        = {1809--1813},
  publisher    = {International Foundation for Autonomous Agents and Multiagent Systems
                  {(IFAAMAS)}},
  year         = {2022},
  url          = {https://www.ifaamas.org/Proceedings/aamas2022/pdfs/p1809.pdf},
  doi          = {10.5555/3535850.3536115},
  timestamp    = {Mon, 18 Jul 2022 17:13:00 +0200},
  biburl       = {https://dblp.org/rec/conf/atal/Ricci22.bib},
  bibsource    = {dblp computer science bibliography, https://dblp.org}
}

@inproceedings{DBLP:conf/atal/BordiniSHLR21,
  author       = {Rafael H. Bordini and
                  Amal El Fallah Seghrouchni and
                  Koen V. Hindriks and
                  Brian Logan and
                  Alessandro Ricci},
  editor       = {Frank Dignum and
                  Alessio Lomuscio and
                  Ulle Endriss and
                  Ann Now{\'{e}}},
  title        = {Agent Programming in the Cognitive Era},
  booktitle    = {{AAMAS} '21: 20th International Conference on Autonomous Agents and
                  Multiagent Systems, Virtual Event, United Kingdom, May 3-7, 2021},
  pages        = {1718--1720},
  publisher    = {{ACM}},
  year         = {2021},
  url          = {https://www.ifaamas.org/Proceedings/aamas2021/pdfs/p1718.pdf},
  doi          = {10.5555/3463952.3464213},
  timestamp    = {Wed, 20 Jul 2022 17:03:47 +0200},
  biburl       = {https://dblp.org/rec/conf/atal/BordiniSHLR21.bib},
  bibsource    = {dblp computer science bibliography, https://dblp.org}
}

@inproceedings{DBLP:conf/atal/CroattiR21,
  author       = {Angelo Croatti and
                  Alessandro Ricci},
  editor       = {Frank Dignum and
                  Alessio Lomuscio and
                  Ulle Endriss and
                  Ann Now{\'{e}}},
  title        = {Programming Agent-based Mobile Apps: The JaCa-Android Framework},
  booktitle    = {{AAMAS} '21: 20th International Conference on Autonomous Agents and
                  Multiagent Systems, Virtual Event, United Kingdom, May 3-7, 2021},
  pages        = {1724--1726},
  publisher    = {{ACM}},
  year         = {2021},
  url          = {https://www.ifaamas.org/Proceedings/aamas2021/pdfs/p1724.pdf},
  doi          = {10.5555/3463952.3464215},
  timestamp    = {Wed, 20 Jul 2022 01:00:00 +0200},
  biburl       = {https://dblp.org/rec/conf/atal/CroattiR21.bib},
  bibsource    = {dblp computer science bibliography, https://dblp.org}
}

@inproceedings{DBLP:conf/emas/LuckcuckC21,
  author       = {Matt Luckcuck and
                  Rafael C. Cardoso},
  editor       = {Natasha Alechina and
                  Matteo Baldoni and
                  Brian Logan},
  title        = {Formal Verification of a Map Merging Protocol in the Multi-agent Programming
                  Contest},
  booktitle    = {Engineering Multi-Agent Systems - 9th International Workshop, {EMAS}
                  2021, Virtual Event, May 3-4, 2021, Revised Selected Papers},
  series       = {Lecture Notes in Computer Science},
  volume       = {13190},
  pages        = {198--217},
  publisher    = {Springer},
  year         = {2021},
  url          = {https://doi.org/10.1007/978-3-030-97457-2\_12},
  doi          = {10.1007/978-3-030-97457-2\_12},
  timestamp    = {Wed, 28 Sep 2022 01:00:00 +0200},
  biburl       = {https://dblp.org/rec/conf/emas/LuckcuckC21.bib},
  bibsource    = {dblp computer science bibliography, https://dblp.org}
}

@inproceedings{DBLP:conf/atal/BordiniCHR20,
  author       = {Rafael H. Bordini and
                  Rem W. Collier and
                  Jomi Fred H{\"{u}}bner and
                  Alessandro Ricci},
  editor       = {Amal El Fallah Seghrouchni and
                  Gita Sukthankar and
                  Bo An and
                  Neil Yorke{-}Smith},
  title        = {Encapsulating Reactive Behaviour in Goal-Based Plans for Programming
                  {BDI} Agents: Extended Abstract},
  booktitle    = {Proceedings of the 19th International Conference on Autonomous Agents
                  and Multiagent Systems, {AAMAS} '20, Auckland, New Zealand, May 9-13,
                  2020},
  pages        = {1783--1785},
  publisher    = {International Foundation for Autonomous Agents and Multiagent Systems},
  year         = {2020},
  url          = {https://dl.acm.org/doi/10.5555/3398761.3398981},
  doi          = {10.5555/3398761.3398981},
  timestamp    = {Tue, 26 Jul 2022 01:00:00 +0200},
  biburl       = {https://dblp.org/rec/conf/atal/BordiniCHR20.bib},
  bibsource    = {dblp computer science bibliography, https://dblp.org}
}

@inproceedings{DBLP:conf/atal/NguyenSS020,
  author       = {Van Nguyen and
                  Tran Cao Son and
                  Vasileiou Loukas Stylianos and
                  William Yeoh},
  editor       = {Amal El Fallah Seghrouchni and
                  Gita Sukthankar and
                  Bo An and
                  Neil Yorke{-}Smith},
  title        = {Conditional Updates of Answer Set Programming and Its Application
                  in Explainable Planning},
  booktitle    = {Proceedings of the 19th International Conference on Autonomous Agents
                  and Multiagent Systems, {AAMAS} '20, Auckland, New Zealand, May 9-13,
                  2020},
  pages        = {1954--1956},
  publisher    = {International Foundation for Autonomous Agents and Multiagent Systems},
  year         = {2020},
  url          = {https://dl.acm.org/doi/10.5555/3398761.3399039},
  doi          = {10.5555/3398761.3399039},
  timestamp    = {Tue, 26 Jul 2022 01:00:00 +0200},
  biburl       = {https://dblp.org/rec/conf/atal/NguyenSS020.bib},
  bibsource    = {dblp computer science bibliography, https://dblp.org}
}

@inproceedings{DBLP:conf/atal/PrasetyaD20,
  author       = {I. S. W. B. Prasetya and
                  Mehdi Dastani},
  editor       = {Amal El Fallah Seghrouchni and
                  Gita Sukthankar and
                  Bo An and
                  Neil Yorke{-}Smith},
  title        = {Aplib: An Agent Programming Library for Testing Games},
  booktitle    = {Proceedings of the 19th International Conference on Autonomous Agents
                  and Multiagent Systems, {AAMAS} '20, Auckland, New Zealand, May 9-13,
                  2020},
  pages        = {1972--1974},
  publisher    = {International Foundation for Autonomous Agents and Multiagent Systems},
  year         = {2020},
  url          = {https://dl.acm.org/doi/10.5555/3398761.3399045},
  doi          = {10.5555/3398761.3399045},
  timestamp    = {Tue, 26 Jul 2022 01:00:00 +0200},
  biburl       = {https://dblp.org/rec/conf/atal/PrasetyaD20.bib},
  bibsource    = {dblp computer science bibliography, https://dblp.org}
}

@inproceedings{DBLP:conf/emas/AhlbrechtDFK20,
  author       = {Tobias Ahlbrecht and
                  J{\"{u}}rgen Dix and
                  Niklas Fiekas and
                  Tabajara Krausburg},
  editor       = {Cristina Baroglio and
                  Jomi Fred H{\"{u}}bner and
                  Michael Winikoff},
  title        = {Accept a Challenge: The Multi-Agent Programming Contest - Challenging
                  Tasks and How to Deal with Them},
  booktitle    = {Engineering Multi-Agent Systems - 8th International Workshop, {EMAS}
                  2020, Auckland, New Zealand, May 8-9, 2020, Revised Selected Papers},
  series       = {Lecture Notes in Computer Science},
  volume       = {12589},
  pages        = {129--143},
  publisher    = {Springer},
  year         = {2020},
  url          = {https://doi.org/10.1007/978-3-030-66534-0\_9},
  doi          = {10.1007/978-3-030-66534-0\_9},
  timestamp    = {Wed, 07 Apr 2021 01:00:00 +0200},
  biburl       = {https://dblp.org/rec/conf/emas/AhlbrechtDFK20.bib},
  bibsource    = {dblp computer science bibliography, https://dblp.org}
}

@inproceedings{DBLP:conf/atal/CardosoB19,
  author       = {Rafael C. Cardoso and
                  Rafael H. Bordini},
  editor       = {Edith Elkind and
                  Manuela Veloso and
                  Noa Agmon and
                  Matthew E. Taylor},
  title        = {Decentralised Planning for Multi-Agent Programming Platforms},
  booktitle    = {Proceedings of the 18th International Conference on Autonomous Agents
                  and MultiAgent Systems, {AAMAS} '19, Montreal, QC, Canada, May 13-17,
                  2019},
  pages        = {799--807},
  publisher    = {International Foundation for Autonomous Agents and Multiagent Systems},
  year         = {2019},
  url          = {http://dl.acm.org/citation.cfm?id=3331771},
  timestamp    = {Wed, 28 Sep 2022 01:00:00 +0200},
  biburl       = {https://dblp.org/rec/conf/atal/CardosoB19.bib},
  bibsource    = {dblp computer science bibliography, https://dblp.org}
}

@inproceedings{DBLP:conf/emas/BoselloR19,
  author       = {Michael Bosello and
                  Alessandro Ricci},
  editor       = {Louise A. Dennis and
                  Rafael H. Bordini and
                  Yves Lesp{\'{e}}rance},
  title        = {From Programming Agents to Educating Agents - {A} Jason-Based Framework
                  for Integrating Learning in the Development of Cognitive Agents},
  booktitle    = {Engineering Multi-Agent Systems - 7th International Workshop, {EMAS}
                  2019, Montreal, QC, Canada, May 13-14, 2019, Revised Selected Papers},
  series       = {Lecture Notes in Computer Science},
  volume       = {12058},
  pages        = {175--194},
  publisher    = {Springer},
  year         = {2019},
  url          = {https://doi.org/10.1007/978-3-030-51417-4\_9},
  doi          = {10.1007/978-3-030-51417-4\_9},
  timestamp    = {Thu, 06 Aug 2020 01:00:00 +0200},
  biburl       = {https://dblp.org/rec/conf/emas/BoselloR19.bib},
  bibsource    = {dblp computer science bibliography, https://dblp.org}
}

@inproceedings{DBLP:conf/emas/KampikN19,
  author       = {Timotheus Kampik and
                  Juan Carlos Nieves},
  editor       = {Louise A. Dennis and
                  Rafael H. Bordini and
                  Yves Lesp{\'{e}}rance},
  title        = {JS-son - {A} Lean, Extensible JavaScript Agent Programming Library},
  booktitle    = {Engineering Multi-Agent Systems - 7th International Workshop, {EMAS}
                  2019, Montreal, QC, Canada, May 13-14, 2019, Revised Selected Papers},
  series       = {Lecture Notes in Computer Science},
  volume       = {12058},
  pages        = {215--234},
  publisher    = {Springer},
  year         = {2019},
  url          = {https://doi.org/10.1007/978-3-030-51417-4\_11},
  doi          = {10.1007/978-3-030-51417-4\_11},
  timestamp    = {Thu, 06 Aug 2020 01:00:00 +0200},
  biburl       = {https://dblp.org/rec/conf/emas/KampikN19.bib},
  bibsource    = {dblp computer science bibliography, https://dblp.org}
}

@inproceedings{DBLP:conf/atal/MoreiraDB18,
  author       = {Daniel A. M. Moreira and
                  Karina Valdivia Delgado and
                  Leliane Nunes de Barros},
  editor       = {Elisabeth Andr{\'{e}} and
                  Sven Koenig and
                  Mehdi Dastani and
                  Gita Sukthankar},
  title        = {Symbolic Dynamic Programming for Risk-sensitive Markov Decision Process
                  with limited budget},
  booktitle    = {Proceedings of the 17th International Conference on Autonomous Agents
                  and MultiAgent Systems, {AAMAS} 2018, Stockholm, Sweden, July 10-15,
                  2018},
  pages        = {2019--2021},
  publisher    = {International Foundation for Autonomous Agents and Multiagent Systems
                  Richland, SC, {USA} / {ACM}},
  year         = {2018},
  url          = {http://dl.acm.org/citation.cfm?id=3238057},
  timestamp    = {Sat, 30 Sep 2023 09:34:53 +0200},
  biburl       = {https://dblp.org/rec/conf/atal/MoreiraDB18.bib},
  bibsource    = {dblp computer science bibliography, https://dblp.org}
}

@inproceedings{DBLP:conf/atal/PanissonSMPB18,
  author       = {Alison R. Panisson and
                  Stefan Sarkadi and
                  Peter McBurney and
                  Simon Parsons and
                  Rafael H. Bordini},
  editor       = {Robin Cohen and
                  Murat Sensoy and
                  Timothy J. Norman},
  title        = {Lies, Bullshit, and Deception in Agent-Oriented Programming Languages},
  booktitle    = {Proceedings of the 20th International Trust Workshop co-located with
                  {AAMAS/IJCAI/ECAI/ICML} 2018, Stockholm, Sweden, July 14, 2018},
  series       = {{CEUR} Workshop Proceedings},
  volume       = {2154},
  pages        = {50--61},
  publisher    = {CEUR-WS.org},
  year         = {2018},
  url          = {https://ceur-ws.org/Vol-2154/paper5.pdf},
  timestamp    = {Fri, 10 Mar 2023 16:22:57 +0100},
  biburl       = {https://dblp.org/rec/conf/atal/PanissonSMPB18.bib},
  bibsource    = {dblp computer science bibliography, https://dblp.org}
}

@inproceedings{DBLP:conf/emas/GunayC18,
  author       = {Akin G{\"{u}}nay and
                  Amit K. Chopra},
  editor       = {Danny Weyns and
                  Viviana Mascardi and
                  Alessandro Ricci},
  title        = {Stellar: {A} Programming Model for Developing Protocol-Compliant Agents},
  booktitle    = {Engineering Multi-Agent Systems - 6th International Workshop, {EMAS}
                  2018, Stockholm, Sweden, July 14-15, 2018, Revised Selected Papers},
  series       = {Lecture Notes in Computer Science},
  volume       = {11375},
  pages        = {117--136},
  publisher    = {Springer},
  year         = {2018},
  url          = {https://doi.org/10.1007/978-3-030-25693-7\_7},
  doi          = {10.1007/978-3-030-25693-7\_7},
  timestamp    = {Mon, 03 Mar 2025 00:00:00 +0100},
  biburl       = {https://dblp.org/rec/conf/emas/GunayC18.bib},
  bibsource    = {dblp computer science bibliography, https://dblp.org}
}

@inproceedings{DBLP:conf/atal/McAreaveyBLH17,
  author       = {Kevin McAreavey and
                  Kim Bauters and
                  Weiru Liu and
                  Jun Hong},
  editor       = {Kate Larson and
                  Michael Winikoff and
                  Sanmay Das and
                  Edmund H. Durfee},
  title        = {The Event Calculus in Probabilistic Logic Programming with Annotated
                  Disjunctions},
  booktitle    = {Proceedings of the 16th Conference on Autonomous Agents and MultiAgent
                  Systems, {AAMAS} 2017, S{\~{a}}o Paulo, Brazil, May 8-12, 2017},
  pages        = {105--113},
  publisher    = {{ACM}},
  year         = {2017},
  url          = {http://dl.acm.org/citation.cfm?id=3091146},
  timestamp    = {Wed, 27 Sep 2017 07:24:00 +0200},
  biburl       = {https://dblp.org/rec/conf/atal/McAreaveyBLH17.bib},
  bibsource    = {dblp computer science bibliography, https://dblp.org}
}

@inproceedings{DBLP:conf/atal/NunnariH17,
  author       = {Fabrizio Nunnari and
                  Alexis H{\'{e}}loir},
  editor       = {Kate Larson and
                  Michael Winikoff and
                  Sanmay Das and
                  Edmund H. Durfee},
  title        = {Generating Virtual Characters from Personality Traits via Reverse
                  Correlation and Linear Programming},
  booktitle    = {Proceedings of the 16th Conference on Autonomous Agents and MultiAgent
                  Systems, {AAMAS} 2017, S{\~{a}}o Paulo, Brazil, May 8-12, 2017},
  pages        = {1661--1663},
  publisher    = {{ACM}},
  year         = {2017},
  url          = {http://dl.acm.org/citation.cfm?id=3091396},
  timestamp    = {Thu, 11 May 2017 01:00:00 +0200},
  biburl       = {https://dblp.org/rec/conf/atal/NunnariH17.bib},
  bibsource    = {dblp computer science bibliography, https://dblp.org}
}

@inproceedings{DBLP:conf/atal/HermellinM16,
  author       = {Emmanuel Hermellin and
                  Fabien Michel},
  editor       = {Catholijn M. Jonker and
                  Stacy Marsella and
                  John Thangarajah and
                  Karl Tuyls},
  title        = {{GPU} Delegation: Toward a Generic Approach for Developping {MABS}
                  using {GPU} Programming},
  booktitle    = {Proceedings of the 2016 International Conference on Autonomous Agents
                  {\&} Multiagent Systems, Singapore, May 9-13, 2016},
  pages        = {1249--1258},
  publisher    = {{ACM}},
  year         = {2016},
  url          = {http://dl.acm.org/citation.cfm?id=2937106},
  timestamp    = {Fri, 20 May 2016 20:33:29 +0200},
  biburl       = {https://dblp.org/rec/conf/atal/HermellinM16.bib},
  bibsource    = {dblp computer science bibliography, https://dblp.org}
}

@inproceedings{DBLP:conf/atal/KnoxSB16,
  author       = {W. Bradley Knox and
                  Samuel Spaulding and
                  Cynthia Breazeal},
  editor       = {Catholijn M. Jonker and
                  Stacy Marsella and
                  John Thangarajah and
                  Karl Tuyls},
  title        = {Learning from the Wizard: Programming Social Interaction through Teleoperated
                  Demonstrations (Extended Abstract)},
  booktitle    = {Proceedings of the 2016 International Conference on Autonomous Agents
                  {\&} Multiagent Systems, Singapore, May 9-13, 2016},
  pages        = {1309--1310},
  publisher    = {{ACM}},
  year         = {2016},
  url          = {http://dl.acm.org/citation.cfm?id=2937134},
  timestamp    = {Fri, 20 May 2016 01:00:00 +0200},
  biburl       = {https://dblp.org/rec/conf/atal/KnoxSB16.bib},
  bibsource    = {dblp computer science bibliography, https://dblp.org}
}

@inproceedings{DBLP:conf/atal/Ortiz-Hernandez16,
  author       = {Gustavo Ortiz{-}Hern{\'{a}}ndez and
                  Jomi Fred H{\"{u}}bner and
                  Rafael H. Bordini and
                  Alejandro Guerra{-}Hern{\'{a}}ndez and
                  Guillermo de Jes{\'{u}}s Hoyos{-}Rivera and
                  Nicandro Cruz{-}Ram{\'{\i}}rez},
  editor       = {Matteo Baldoni and
                  J{\"{o}}rg P. M{\"{u}}ller and
                  Ingrid Nunes and
                  Rym Zalila{-}Wenkstern},
  title        = {A Namespace Approach for Modularity in {BDI} Programming Languages},
  booktitle    = {Engineering Multi-Agent Systems - 4th International Workshop, {EMAS}
                  2016, Singapore, Singapore, May 9-10, 2016, Revised, Selected, and
                  Invited Papers},
  series       = {Lecture Notes in Computer Science},
  volume       = {10093},
  pages        = {117--135},
  publisher    = {Springer},
  year         = {2016},
  url          = {https://doi.org/10.1007/978-3-319-50983-9\_7},
  doi          = {10.1007/978-3-319-50983-9\_7},
  timestamp    = {Tue, 29 Dec 2020 00:00:00 +0100},
  biburl       = {https://dblp.org/rec/conf/atal/Ortiz-Hernandez16.bib},
  bibsource    = {dblp computer science bibliography, https://dblp.org}
}

@inproceedings{DBLP:conf/atal/PantojaSLS16,
  author       = {Carlos Eduardo Pantoja and
                  Marcio Fernando Stabile Jr. and
                  Nilson Mori Lazarin and
                  Jaime Sim{\~{a}}o Sichman},
  editor       = {Matteo Baldoni and
                  J{\"{o}}rg P. M{\"{u}}ller and
                  Ingrid Nunes and
                  Rym Zalila{-}Wenkstern},
  title        = {{ARGO:} An Extended Jason Architecture that Facilitates Embedded Robotic
                  Agents Programming},
  booktitle    = {Engineering Multi-Agent Systems - 4th International Workshop, {EMAS}
                  2016, Singapore, Singapore, May 9-10, 2016, Revised, Selected, and
                  Invited Papers},
  series       = {Lecture Notes in Computer Science},
  volume       = {10093},
  pages        = {136--155},
  publisher    = {Springer},
  year         = {2016},
  url          = {https://doi.org/10.1007/978-3-319-50983-9\_8},
  doi          = {10.1007/978-3-319-50983-9\_8},
  timestamp    = {Sun, 02 Oct 2022 01:00:00 +0200},
  biburl       = {https://dblp.org/rec/conf/atal/PantojaSLS16.bib},
  bibsource    = {dblp computer science bibliography, https://dblp.org}
}

@inproceedings{DBLP:conf/atal/RileyADP16,
  author       = {Luke Riley and
                  Katie Atkinson and
                  Paul E. Dunne and
                  Terry R. Payne},
  editor       = {Catholijn M. Jonker and
                  Stacy Marsella and
                  John Thangarajah and
                  Karl Tuyls},
  title        = {A Synergy Coalition Group based Dynamic Programming Algorithm for
                  Coalition Formation},
  booktitle    = {Proceedings of the 2016 International Conference on Autonomous Agents
                  {\&} Multiagent Systems, Singapore, May 9-13, 2016},
  pages        = {588--596},
  publisher    = {{ACM}},
  year         = {2016},
  url          = {http://dl.acm.org/citation.cfm?id=2937012},
  timestamp    = {Fri, 20 May 2016 01:00:00 +0200},
  biburl       = {https://dblp.org/rec/conf/atal/RileyADP16.bib},
  bibsource    = {dblp computer science bibliography, https://dblp.org}
}

@inproceedings{DBLP:conf/atal/SridharanDG16,
  author       = {Mohan Sridharan and
                  Prashanth Devarakonda and
                  Rashmica Gupta},
  editor       = {Nardine Osman and
                  Carles Sierra},
  title        = {Can {I} Do That? Discovering Domain Axioms Using Declarative Programming
                  and Relational Reinforcement Learning},
  booktitle    = {Autonomous Agents and Multiagent Systems - {AAMAS} 2016 Workshops,
                  - Visionary Papers - , Singapore, Singapore, May 9-10, 2016, Revised
                  Selected Papers},
  series       = {Lecture Notes in Computer Science},
  volume       = {10003},
  pages        = {34--49},
  year         = {2016},
  url          = {https://doi.org/10.1007/978-3-319-46840-2\_3},
  doi          = {10.1007/978-3-319-46840-2\_3},
  timestamp    = {Tue, 07 May 2024 01:00:00 +0200},
  biburl       = {https://dblp.org/rec/conf/atal/SridharanDG16.bib},
  bibsource    = {dblp computer science bibliography, https://dblp.org}
}

@inproceedings{DBLP:conf/atal/BaldoniBC15,
  author       = {Matteo Baldoni and
                  Cristina Baroglio and
                  Federico Capuzzimati},
  editor       = {Fernando Koch and
                  Christian Guttmann and
                  D{\'{\i}}dac Busquets},
  title        = {Programming {JADE} and Jason Agents Based on Social Relationships
                  Using a Uniform Approach},
  booktitle    = {Advances in Social Computing and Multiagent Systems - 6th International
                  Workshop on Collaborative Agents Research and Development, {CARE}
                  2015 and Second International Workshop on Multiagent Foundations of
                  Social Computing, {MFSC} 2015, Istanbul, Turkey, May 4, 2015, Revised
                  Selected Papers},
  series       = {Communications in Computer and Information Science},
  volume       = {541},
  pages        = {167--184},
  publisher    = {Springer},
  year         = {2015},
  url          = {https://doi.org/10.1007/978-3-319-24804-2\_11},
  doi          = {10.1007/978-3-319-24804-2\_11},
  timestamp    = {Tue, 23 May 2017 01:11:59 +0200},
  biburl       = {https://dblp.org/rec/conf/atal/BaldoniBC15.bib},
  bibsource    = {dblp computer science bibliography, https://dblp.org}
}

@inproceedings{DBLP:conf/atal/BaldoniBCM15,
  author       = {Matteo Baldoni and
                  Cristina Baroglio and
                  Federico Capuzzimati and
                  Roberto Micalizio},
  editor       = {Gerhard Weiss and
                  Pinar Yolum and
                  Rafael H. Bordini and
                  Edith Elkind},
  title        = {Programming with Commitments and Goals in JaCaMo+},
  booktitle    = {Proceedings of the 2015 International Conference on Autonomous Agents
                  and Multiagent Systems, {AAMAS} 2015, Istanbul, Turkey, May 4-8, 2015},
  pages        = {1705--1706},
  publisher    = {{ACM}},
  year         = {2015},
  url          = {http://dl.acm.org/citation.cfm?id=2773395},
  timestamp    = {Tue, 08 Mar 2022 10:12:47 +0100},
  biburl       = {https://dblp.org/rec/conf/atal/BaldoniBCM15.bib},
  bibsource    = {dblp computer science bibliography, https://dblp.org}
}

@inproceedings{DBLP:conf/atal/Logan15,
  author       = {Brian Logan},
  editor       = {Matteo Baldoni and
                  Luciano Baresi and
                  Mehdi Dastani},
  title        = {A Future for Agent Programming},
  booktitle    = {Engineering Multi-Agent Systems - Third International Workshop, {EMAS}
                  2015, Istanbul, Turkey, May 5, 2015, Revised, Selected, and Invited
                  Papers},
  series       = {Lecture Notes in Computer Science},
  volume       = {9318},
  pages        = {3--17},
  publisher    = {Springer},
  year         = {2015},
  url          = {https://doi.org/10.1007/978-3-319-26184-3\_1},
  doi          = {10.1007/978-3-319-26184-3\_1},
  timestamp    = {Wed, 08 Dec 2021 00:00:00 +0100},
  biburl       = {https://dblp.org/rec/conf/atal/Logan15.bib},
  bibsource    = {dblp computer science bibliography, https://dblp.org}
}

@inproceedings{DBLP:conf/atal/RicciCBV15,
  author       = {Alessandro Ricci and
                  Angelo Croatti and
                  Pietro Brunetti and
                  Mirko Viroli},
  editor       = {Matteo Baldoni and
                  Luciano Baresi and
                  Mehdi Dastani},
  title        = {Programming Mirror Worlds: An Agent-Oriented Programming Perspective},
  booktitle    = {Engineering Multi-Agent Systems - Third International Workshop, {EMAS}
                  2015, Istanbul, Turkey, May 5, 2015, Revised, Selected, and Invited
                  Papers},
  series       = {Lecture Notes in Computer Science},
  volume       = {9318},
  pages        = {191--211},
  publisher    = {Springer},
  year         = {2015},
  url          = {https://doi.org/10.1007/978-3-319-26184-3\_11},
  doi          = {10.1007/978-3-319-26184-3\_11},
  timestamp    = {Sat, 09 Apr 2022 01:00:00 +0200},
  biburl       = {https://dblp.org/rec/conf/atal/RicciCBV15.bib},
  bibsource    = {dblp computer science bibliography, https://dblp.org}
}

@inproceedings{DBLP:conf/atal/FrancoS14,
  author       = {Mariana Ramos Franco and
                  Jaime Sim{\~{a}}o Sichman},
  editor       = {Aditya Ghose and
                  Nir Oren and
                  Pankaj R. Telang and
                  John Thangarajah},
  title        = {Comparing and Evaluating Organizational Models: {A} Multi-agent Programming
                  Contest Case Study},
  booktitle    = {Coordination, Organizations, Institutions, and Norms in Agent Systems
                  {X} - {COIN} 2014 International Workshops, COIN@AAMAS, Paris, France,
                  May 6, 2014, COIN@PRICAI, Gold Coast, QLD, Australia, December 4,
                  2014, Revised Selected Papers},
  series       = {Lecture Notes in Computer Science},
  volume       = {9372},
  pages        = {182--196},
  publisher    = {Springer},
  year         = {2014},
  url          = {https://doi.org/10.1007/978-3-319-25420-3\_12},
  doi          = {10.1007/978-3-319-25420-3\_12},
  timestamp    = {Mon, 16 Sep 2019 15:22:44 +0200},
  biburl       = {https://dblp.org/rec/conf/atal/FrancoS14.bib},
  bibsource    = {dblp computer science bibliography, https://dblp.org}
}

@inproceedings{DBLP:conf/atal/LeSP014,
  author       = {Tiep Le and
                  Tran Cao Son and
                  Enrico Pontelli and
                  William Yeoh},
  editor       = {Ana L. C. Bazzan and
                  Michael N. Huhns and
                  Alessio Lomuscio and
                  Paul Scerri},
  title        = {{ASP-DPOP:} solving distributed constraint optimization problems with
                  logic programming},
  booktitle    = {International conference on Autonomous Agents and Multi-Agent Systems,
                  {AAMAS} '14, Paris, France, May 5-9, 2014},
  pages        = {1337--1338},
  publisher    = {{IFAAMAS/ACM}},
  year         = {2014},
  url          = {http://dl.acm.org/citation.cfm?id=2617461},
  timestamp    = {Thu, 25 Sep 2014 07:46:15 +0200},
  biburl       = {https://dblp.org/rec/conf/atal/LeSP014.bib},
  bibsource    = {dblp computer science bibliography, https://dblp.org}
}

@inproceedings{DBLP:conf/atal/LiLHT14,
  author       = {Jian Li and
                  Yicheng Liu and
                  Lingxiao Huang and
                  Pingzhong Tang},
  editor       = {Ana L. C. Bazzan and
                  Michael N. Huhns and
                  Alessio Lomuscio and
                  Paul Scerri},
  title        = {Egalitarian pairwise kidney exchange: fast algorithms vialinear programming
                  and parametric flow},
  booktitle    = {International conference on Autonomous Agents and Multi-Agent Systems,
                  {AAMAS} '14, Paris, France, May 5-9, 2014},
  pages        = {445--452},
  publisher    = {{IFAAMAS/ACM}},
  year         = {2014},
  url          = {http://dl.acm.org/citation.cfm?id=2615804},
  timestamp    = {Fri, 12 Jan 2018 00:00:00 +0100},
  biburl       = {https://dblp.org/rec/conf/atal/LiLHT14.bib},
  bibsource    = {dblp computer science bibliography, https://dblp.org}
}

@inproceedings{DBLP:conf/atal/ZhongLCL14,
  author       = {Jinghui Zhong and
                  Linbo Luo and
                  Wentong Cai and
                  Michael Lees},
  editor       = {Ana L. C. Bazzan and
                  Michael N. Huhns and
                  Alessio Lomuscio and
                  Paul Scerri},
  title        = {Automatic rule identification for agent-based crowd models through
                  gene expression programming},
  booktitle    = {International conference on Autonomous Agents and Multi-Agent Systems,
                  {AAMAS} '14, Paris, France, May 5-9, 2014},
  pages        = {1125--1132},
  publisher    = {{IFAAMAS/ACM}},
  year         = {2014},
  url          = {http://dl.acm.org/citation.cfm?id=2617425},
  timestamp    = {Tue, 06 May 2025 01:00:00 +0200},
  biburl       = {https://dblp.org/rec/conf/atal/ZhongLCL14.bib},
  bibsource    = {dblp computer science bibliography, https://dblp.org}
}

@inproceedings{DBLP:conf/dalt/DastaniT14,
  author       = {Mehdi Dastani and
                  Bas Testerink},
  editor       = {Fabiano Dalpiaz and
                  J{\"{u}}rgen Dix and
                  M. Birna van Riemsdijk},
  title        = {From Multi-Agent Programming to Object Oriented Design Patterns},
  booktitle    = {Engineering Multi-Agent Systems - Second International Workshop, {EMAS}
                  2014, Paris, France, May 5-6, 2014, Revised Selected Papers},
  series       = {Lecture Notes in Computer Science},
  volume       = {8758},
  pages        = {204--226},
  publisher    = {Springer},
  year         = {2014},
  url          = {https://doi.org/10.1007/978-3-319-14484-9\_11},
  doi          = {10.1007/978-3-319-14484-9\_11},
  timestamp    = {Mon, 03 Jan 2022 22:22:03 +0100},
  biburl       = {https://dblp.org/rec/conf/dalt/DastaniT14.bib},
  bibsource    = {dblp computer science bibliography, https://dblp.org}
}

@inproceedings{DBLP:conf/atal/AhlbrechtBBCDFHHHHJJKLLMOSSSSUVWWZ13,
  author       = {Tobias Ahlbrecht and
                  Christian Bender{-}Saebelkampf and
                  Maiquel de Brito and
                  Nicolai Christian Christensen and
                  J{\"{u}}rgen Dix and
                  Mariana Ramos Franco and
                  Hendrik Heller and
                  Andreas Viktor Hess and
                  Axel He{\ss}ler and
                  Jomi Fred H{\"{u}}bner and
                  Andreas Schmidt Jensen and
                  Jannick Boese Johnsen and
                  Michael K{\"{o}}ster and
                  Chengqian Li and
                  Lu Liu and
                  Marcelo Menezes Morato and
                  Philip Bratt {\O}rum and
                  Federico Schlesinger and
                  Tiago Luiz Schmitz and
                  Jaime Sim{\~{a}}o Sichman and
                  Kaio Siqueira de Souza and
                  Daniela Maria Uez and
                  J{\o}rgen Villadsen and
                  Sebastian Werner and
                  {\O}yvind Gr{\o}nland Woller and
                  Maicon Rafael Zatelli},
  editor       = {Massimo Cossentino and
                  Amal El Fallah Seghrouchni and
                  Michael Winikoff},
  title        = {Multi-Agent Programming Contest 2013: The Teams and the Design of
                  Their Systems},
  booktitle    = {Engineering Multi-Agent Systems - First International Workshop, {EMAS}
                  2013, St. Paul, MN, USA, May 6-7, 2013, Revised Selected Papers},
  series       = {Lecture Notes in Computer Science},
  volume       = {8245},
  pages        = {366--390},
  publisher    = {Springer},
  year         = {2013},
  url          = {https://doi.org/10.1007/978-3-642-45343-4\_22},
  doi          = {10.1007/978-3-642-45343-4\_22},
  timestamp    = {Fri, 09 Feb 2024 00:00:00 +0100},
  biburl       = {https://dblp.org/rec/conf/atal/AhlbrechtBBCDFHHHHJJKLLMOSSSSUVWWZ13.bib},
  bibsource    = {dblp computer science bibliography, https://dblp.org}
}

@inproceedings{DBLP:conf/atal/AhlbrechtDKS13,
  author       = {Tobias Ahlbrecht and
                  J{\"{u}}rgen Dix and
                  Michael K{\"{o}}ster and
                  Federico Schlesinger},
  editor       = {Massimo Cossentino and
                  Amal El Fallah Seghrouchni and
                  Michael Winikoff},
  title        = {Multi-Agent Programming Contest 2013},
  booktitle    = {Engineering Multi-Agent Systems - First International Workshop, {EMAS}
                  2013, St. Paul, MN, USA, May 6-7, 2013, Revised Selected Papers},
  series       = {Lecture Notes in Computer Science},
  volume       = {8245},
  pages        = {292--318},
  publisher    = {Springer},
  year         = {2013},
  url          = {https://doi.org/10.1007/978-3-642-45343-4\_16},
  doi          = {10.1007/978-3-642-45343-4\_16},
  timestamp    = {Fri, 02 Nov 2018 00:00:00 +0100},
  biburl       = {https://dblp.org/rec/conf/atal/AhlbrechtDKS13.bib},
  bibsource    = {dblp computer science bibliography, https://dblp.org}
}

@inproceedings{DBLP:conf/atal/BrooksVCFS13,
  author       = {Nathan Brooks and
                  Ewart de Visser and
                  Timur Chabuk and
                  Elan Freedy and
                  Paul Scerri},
  editor       = {Maria L. Gini and
                  Onn Shehory and
                  Takayuki Ito and
                  Catholijn M. Jonker},
  title        = {An approach to team programming with markup for operator interaction},
  booktitle    = {International conference on Autonomous Agents and Multi-Agent Systems,
                  {AAMAS} '13, Saint Paul, MN, USA, May 6-10, 2013},
  pages        = {1133--1134},
  publisher    = {{IFAAMAS}},
  year         = {2013},
  url          = {http://dl.acm.org/citation.cfm?id=2485107},
  timestamp    = {Thu, 09 Sep 2021 16:09:54 +0200},
  biburl       = {https://dblp.org/rec/conf/atal/BrooksVCFS13.bib},
  bibsource    = {dblp computer science bibliography, https://dblp.org}
}

@inproceedings{DBLP:conf/atal/BrooksVCFS13a,
  author       = {Nathan Brooks and
                  Ewart de Visser and
                  Timur Chabuk and
                  Elan Freedy and
                  Paul Scerri},
  editor       = {Maria L. Gini and
                  Onn Shehory and
                  Takayuki Ito and
                  Catholijn M. Jonker},
  title        = {An approach to team programming with markup for operator interaction},
  booktitle    = {International conference on Autonomous Agents and Multi-Agent Systems,
                  {AAMAS} '13, Saint Paul, MN, USA, May 6-10, 2013},
  pages        = {1355--1356},
  publisher    = {{IFAAMAS}},
  year         = {2013},
  url          = {http://dl.acm.org/citation.cfm?id=2485222},
  timestamp    = {Fri, 28 Jun 2013 01:00:00 +0200},
  biburl       = {https://dblp.org/rec/conf/atal/BrooksVCFS13a.bib},
  bibsource    = {dblp computer science bibliography, https://dblp.org}
}

@inproceedings{DBLP:conf/atal/DybalovaTDL13,
  author       = {Daniela Dybalova and
                  Bas Testerink and
                  Mehdi Dastani and
                  Brian Logan},
  editor       = {Tina Balke and
                  Frank Dignum and
                  M. Birna van Riemsdijk and
                  Amit K. Chopra},
  title        = {A Framework for Programming Norm-Aware Multi-agent Systems},
  booktitle    = {Coordination, Organizations, Institutions, and Norms in Agent Systems
                  {IX} - {COIN} 2013 International Workshops, COIN@AAMAS, St. Paul,
                  MN, USA, May 6, 2013, COIN@PRIMA, Dunedin, New Zealand, December 3,
                  2013, Revised Selected Papers},
  series       = {Lecture Notes in Computer Science},
  volume       = {8386},
  pages        = {364--380},
  publisher    = {Springer},
  year         = {2013},
  url          = {https://doi.org/10.1007/978-3-319-07314-9\_20},
  doi          = {10.1007/978-3-319-07314-9\_20},
  timestamp    = {Wed, 08 Dec 2021 00:00:00 +0100},
  biburl       = {https://dblp.org/rec/conf/atal/DybalovaTDL13.bib},
  bibsource    = {dblp computer science bibliography, https://dblp.org}
}

@inproceedings{DBLP:conf/atal/WernerBHH13,
  author       = {Sebastian Werner and
                  Christian Bender{-}Saebelkampf and
                  Hendrik Heller and
                  Axel He{\ss}ler},
  editor       = {Massimo Cossentino and
                  Amal El Fallah Seghrouchni and
                  Michael Winikoff},
  title        = {Multi-Agent Programming Contest 2013: {TUB} Team Description},
  booktitle    = {Engineering Multi-Agent Systems - First International Workshop, {EMAS}
                  2013, St. Paul, MN, USA, May 6-7, 2013, Revised Selected Papers},
  series       = {Lecture Notes in Computer Science},
  volume       = {8245},
  pages        = {349--355},
  publisher    = {Springer},
  year         = {2013},
  url          = {https://doi.org/10.1007/978-3-642-45343-4\_20},
  doi          = {10.1007/978-3-642-45343-4\_20},
  timestamp    = {Fri, 09 Feb 2024 00:00:00 +0100},
  biburl       = {https://dblp.org/rec/conf/atal/WernerBHH13.bib},
  bibsource    = {dblp computer science bibliography, https://dblp.org}
}

@inproceedings{DBLP:conf/atal/Ziafati13,
  author       = {Pouyan Ziafati},
  editor       = {Maria L. Gini and
                  Onn Shehory and
                  Takayuki Ito and
                  Catholijn M. Jonker},
  title        = {Programming autonomous robots using agent programming languages},
  booktitle    = {International conference on Autonomous Agents and Multi-Agent Systems,
                  {AAMAS} '13, Saint Paul, MN, USA, May 6-10, 2013},
  pages        = {1463--1464},
  publisher    = {{IFAAMAS}},
  year         = {2013},
  url          = {http://dl.acm.org/citation.cfm?id=2485277},
  timestamp    = {Fri, 28 Jun 2013 01:00:00 +0200},
  biburl       = {https://dblp.org/rec/conf/atal/Ziafati13.bib},
  bibsource    = {dblp computer science bibliography, https://dblp.org}
}

@inproceedings{DBLP:conf/atal/ZiafatiDMT13,
  author       = {Pouyan Ziafati and
                  Mehdi Dastani and
                  John{-}Jules Ch. Meyer and
                  Leendert W. N. van der Torre},
  editor       = {Maria L. Gini and
                  Onn Shehory and
                  Takayuki Ito and
                  Catholijn M. Jonker},
  title        = {Event-processing in autonomous robot programming},
  booktitle    = {International conference on Autonomous Agents and Multi-Agent Systems,
                  {AAMAS} '13, Saint Paul, MN, USA, May 6-10, 2013},
  pages        = {95--102},
  publisher    = {{IFAAMAS}},
  year         = {2013},
  url          = {http://dl.acm.org/citation.cfm?id=2484939},
  timestamp    = {Tue, 07 Apr 2015 01:00:00 +0200},
  biburl       = {https://dblp.org/rec/conf/atal/ZiafatiDMT13.bib},
  bibsource    = {dblp computer science bibliography, https://dblp.org}
}

@inproceedings{DBLP:conf/aamas/AlechinaDL12,
  author       = {Natasha Alechina and
                  Mehdi Dastani and
                  Brian Logan},
  editor       = {Wiebe van der Hoek and
                  Lin Padgham and
                  Vincent Conitzer and
                  Michael Winikoff},
  title        = {Programming norm-aware agents},
  booktitle    = {International Conference on Autonomous Agents and Multiagent Systems,
                  {AAMAS} 2012, Valencia, Spain, June 4-8, 2012 {(3} Volumes)},
  pages        = {1057--1064},
  publisher    = {{IFAAMAS}},
  year         = {2012},
  url          = {http://dl.acm.org/citation.cfm?id=2343848},
  timestamp    = {Wed, 08 Dec 2021 00:00:00 +0100},
  biburl       = {https://dblp.org/rec/conf/aamas/AlechinaDL12.bib},
  bibsource    = {dblp computer science bibliography, https://dblp.org}
}

@inproceedings{DBLP:conf/aamas/DastaniTY12,
  author       = {Mehdi Dastani and
                  Leendert W. N. van der Torre and
                  Neil Yorke{-}Smith},
  editor       = {Wiebe van der Hoek and
                  Lin Padgham and
                  Vincent Conitzer and
                  Michael Winikoff},
  title        = {A programming approach to monitoring communication in an organisational
                  environment},
  booktitle    = {International Conference on Autonomous Agents and Multiagent Systems,
                  {AAMAS} 2012, Valencia, Spain, June 4-8, 2012 {(3} Volumes)},
  pages        = {1373--1374},
  publisher    = {{IFAAMAS}},
  year         = {2012},
  url          = {http://dl.acm.org/citation.cfm?id=2344012},
  timestamp    = {Tue, 07 Apr 2015 01:00:00 +0200},
  biburl       = {https://dblp.org/rec/conf/aamas/DastaniTY12.bib},
  bibsource    = {dblp computer science bibliography, https://dblp.org}
}

@inproceedings{DBLP:conf/aamas/GoncalvesA12,
  author       = {Ricardo Gon{\c{c}}alves and
                  Jos{\'{e}} J{\'{u}}lio Alferes},
  editor       = {Wiebe van der Hoek and
                  Lin Padgham and
                  Vincent Conitzer and
                  Michael Winikoff},
  title        = {Specifying and reasoning about normative systems in deontic logic
                  programming},
  booktitle    = {International Conference on Autonomous Agents and Multiagent Systems,
                  {AAMAS} 2012, Valencia, Spain, June 4-8, 2012 {(3} Volumes)},
  pages        = {1423--1424},
  publisher    = {{IFAAMAS}},
  year         = {2012},
  url          = {http://dl.acm.org/citation.cfm?id=2344039},
  timestamp    = {Thu, 07 Jan 2016 00:00:00 +0100},
  biburl       = {https://dblp.org/rec/conf/aamas/GoncalvesA12.bib},
  bibsource    = {dblp computer science bibliography, https://dblp.org}
}

@inproceedings{DBLP:conf/aamas/HuMCZ12,
  author       = {Cuiyun Hu and
                  XinJun Mao and
                  Yin Chen and
                  Huiping Zhou},
  editor       = {Wiebe van der Hoek and
                  Lin Padgham and
                  Vincent Conitzer and
                  Michael Winikoff},
  title        = {OrgMAP: an organization-based approach for multi-agent programming},
  booktitle    = {International Conference on Autonomous Agents and Multiagent Systems,
                  {AAMAS} 2012, Valencia, Spain, June 4-8, 2012 {(3} Volumes)},
  pages        = {1437--1438},
  publisher    = {{IFAAMAS}},
  year         = {2012},
  url          = {http://dl.acm.org/citation.cfm?id=2344048},
  timestamp    = {Tue, 06 Aug 2024 01:00:00 +0200},
  biburl       = {https://dblp.org/rec/conf/aamas/HuMCZ12.bib},
  bibsource    = {dblp computer science bibliography, https://dblp.org}
}

@inproceedings{DBLP:conf/aamas/TsaoJH12,
  author       = {Tiffany Yi{-}Ting Tsao and
                  Wan{-}rong Jih and
                  Jane Yung{-}jen Hsu},
  editor       = {Wiebe van der Hoek and
                  Lin Padgham and
                  Vincent Conitzer and
                  Michael Winikoff},
  title        = {{MAPLE:} multi-agent programming with letter exchanges on sensor networks},
  booktitle    = {International Conference on Autonomous Agents and Multiagent Systems,
                  {AAMAS} 2012, Valencia, Spain, June 4-8, 2012 {(3} Volumes)},
  pages        = {1439--1440},
  publisher    = {{IFAAMAS}},
  year         = {2012},
  url          = {http://dl.acm.org/citation.cfm?id=2344049},
  timestamp    = {Thu, 19 Mar 2015 00:00:00 +0100},
  biburl       = {https://dblp.org/rec/conf/aamas/TsaoJH12.bib},
  bibsource    = {dblp computer science bibliography, https://dblp.org}
}

@inproceedings{DBLP:conf/atal/BritoHB12,
  author       = {Maiquel de Brito and
                  Jomi Fred H{\"{u}}bner and
                  Rafael H. Bordini},
  editor       = {Huib Aldewereld and
                  Jaime Sim{\~{a}}o Sichman},
  title        = {Programming Institutional Facts in Multi-Agent Systems},
  booktitle    = {Coordination, Organizations, Institutions, and Norms in Agent Systems
                  {VIII} - 14th International Workshop, {COIN} 2012, Held Co-located
                  with {AAMAS} 2012, Valencia, Spain, June 5, 2012, Revised Selected
                  Papers},
  series       = {Lecture Notes in Computer Science},
  volume       = {7756},
  pages        = {158--173},
  publisher    = {Springer},
  year         = {2012},
  url          = {https://doi.org/10.1007/978-3-642-37756-3\_10},
  doi          = {10.1007/978-3-642-37756-3\_10},
  timestamp    = {Thu, 23 Jun 2022 01:00:00 +0200},
  biburl       = {https://dblp.org/rec/conf/atal/BritoHB12.bib},
  bibsource    = {dblp computer science bibliography, https://dblp.org}
}

@inproceedings{DBLP:conf/atal/DastaniRW11,
  author       = {Mehdi Dastani and
                  M. Birna van Riemsdijk and
                  Michael Winikoff},
  editor       = {Liz Sonenberg and
                  Peter Stone and
                  Kagan Tumer and
                  Pinar Yolum},
  title        = {Rich goal types in agent programming},
  booktitle    = {10th International Conference on Autonomous Agents and Multiagent
                  Systems {(AAMAS} 2011), Taipei, Taiwan, May 2-6, 2011, Volume 1-3},
  pages        = {405--412},
  publisher    = {{IFAAMAS}},
  year         = {2011},
  url          = {http://portal.acm.org/citation.cfm?id=2030530\&CFID=69153967\&CFTOKEN=38069692},
  timestamp    = {Tue, 19 Nov 2024 15:59:16 +0100},
  biburl       = {https://dblp.org/rec/conf/atal/DastaniRW11.bib},
  bibsource    = {dblp computer science bibliography, https://dblp.org}
}

@inproceedings{DBLP:conf/atal/KhanL11,
  author       = {Shakil M. Khan and
                  Yves Lesp{\'{e}}rance},
  editor       = {Liz Sonenberg and
                  Peter Stone and
                  Kagan Tumer and
                  Pinar Yolum},
  title        = {{SR-APL:} a model for a programming language for rational {BDI} agents
                  with prioritized goals},
  booktitle    = {10th International Conference on Autonomous Agents and Multiagent
                  Systems {(AAMAS} 2011), Taipei, Taiwan, May 2-6, 2011, Volume 1-3},
  pages        = {1251--1252},
  publisher    = {{IFAAMAS}},
  year         = {2011},
  url          = {http://portal.acm.org/citation.cfm?id=2034511\&CFID=69154334\&CFTOKEN=45298625},
  timestamp    = {Thu, 16 Jan 2014 00:00:00 +0100},
  biburl       = {https://dblp.org/rec/conf/atal/KhanL11.bib},
  bibsource    = {dblp computer science bibliography, https://dblp.org}
}

@inproceedings{DBLP:conf/atal/SensoyVN11,
  author       = {Murat Sensoy and
                  Wamberto Weber Vasconcelos and
                  Timothy J. Norman},
  editor       = {Francien Dechesne and
                  Hiromitsu Hattori and
                  Adriaan ter Mors and
                  Jose M. Such and
                  Danny Weyns and
                  Frank Dignum},
  title        = {Combining Semantic Web and Logic Programming for Agent Reasoning},
  booktitle    = {Advanced Agent Technology - {AAMAS} 2011 Workshops, AMPLE, AOSE, ARMS,
                  DOCM3AS, ITMAS, Taipei, Taiwan, May 2-6, 2011. Revised Selected Papers},
  series       = {Lecture Notes in Computer Science},
  volume       = {7068},
  pages        = {428--441},
  publisher    = {Springer},
  year         = {2011},
  url          = {https://doi.org/10.1007/978-3-642-27216-5\_33},
  doi          = {10.1007/978-3-642-27216-5\_33},
  timestamp    = {Sun, 04 Aug 2024 01:00:00 +0200},
  biburl       = {https://dblp.org/rec/conf/atal/SensoyVN11.bib},
  bibsource    = {dblp computer science bibliography, https://dblp.org}
}

@inproceedings{DBLP:conf/atal/SindlarDM11,
  author       = {Michal P. Sindlar and
                  Mehdi Dastani and
                  John{-}Jules Ch. Meyer},
  editor       = {Liz Sonenberg and
                  Peter Stone and
                  Kagan Tumer and
                  Pinar Yolum},
  title        = {Programming mental state abduction},
  booktitle    = {10th International Conference on Autonomous Agents and Multiagent
                  Systems {(AAMAS} 2011), Taipei, Taiwan, May 2-6, 2011, Volume 1-3},
  pages        = {301--308},
  publisher    = {{IFAAMAS}},
  year         = {2011},
  url          = {http://portal.acm.org/citation.cfm?id=2030514\&CFID=69153967\&CFTOKEN=38069692},
  timestamp    = {Fri, 18 Nov 2011 00:00:00 +0100},
  biburl       = {https://dblp.org/rec/conf/atal/SindlarDM11.bib},
  bibsource    = {dblp computer science bibliography, https://dblp.org}
}

@inproceedings{DBLP:conf/atal/Singh11,
  author       = {Munindar P. Singh},
  editor       = {Liz Sonenberg and
                  Peter Stone and
                  Kagan Tumer and
                  Pinar Yolum},
  title        = {Information-driven interaction-oriented programming: BSPL, the blindingly
                  simple protocol language},
  booktitle    = {10th International Conference on Autonomous Agents and Multiagent
                  Systems {(AAMAS} 2011), Taipei, Taiwan, May 2-6, 2011, Volume 1-3},
  pages        = {491--498},
  publisher    = {{IFAAMAS}},
  year         = {2011},
  url          = {http://portal.acm.org/citation.cfm?id=2031687\&CFID=54178199\&CFTOKEN=61392764},
  timestamp    = {Fri, 18 Nov 2011 00:00:00 +0100},
  biburl       = {https://dblp.org/rec/conf/atal/Singh11.bib},
  bibsource    = {dblp computer science bibliography, https://dblp.org}
}

@inproceedings{DBLP:conf/atal/VikhorevAL11,
  author       = {Konstantin Vikhorev and
                  Natasha Alechina and
                  Brian Logan},
  editor       = {Liz Sonenberg and
                  Peter Stone and
                  Kagan Tumer and
                  Pinar Yolum},
  title        = {Agent programming with priorities and deadlines},
  booktitle    = {10th International Conference on Autonomous Agents and Multiagent
                  Systems {(AAMAS} 2011), Taipei, Taiwan, May 2-6, 2011, Volume 1-3},
  pages        = {397--404},
  publisher    = {{IFAAMAS}},
  year         = {2011},
  url          = {http://portal.acm.org/citation.cfm?id=2030529\&CFID=69153967\&CFTOKEN=38069692},
  timestamp    = {Wed, 08 Dec 2021 00:00:00 +0100},
  biburl       = {https://dblp.org/rec/conf/atal/VikhorevAL11.bib},
  bibsource    = {dblp computer science bibliography, https://dblp.org}
}

@inproceedings{DBLP:conf/atal/BaralGSP10,
  author       = {Chitta Baral and
                  Gregory Gelfond and
                  Tran Cao Son and
                  Enrico Pontelli},
  editor       = {Wiebe van der Hoek and
                  Gal A. Kaminka and
                  Yves Lesp{\'{e}}rance and
                  Michael Luck and
                  Sandip Sen},
  title        = {Using answer set programming to model multi-agent scenarios involving
                  agents' knowledge about other's knowledge},
  booktitle    = {9th International Conference on Autonomous Agents and Multiagent Systems
                  {(AAMAS} 2010), Toronto, Canada, May 10-14, 2010, Volume 1-3},
  pages        = {259--266},
  publisher    = {{IFAAMAS}},
  year         = {2010},
  url          = {https://dl.acm.org/citation.cfm?id=1838243},
  timestamp    = {Fri, 30 Nov 2018 00:00:00 +0100},
  biburl       = {https://dblp.org/rec/conf/atal/BaralGSP10.bib},
  bibsource    = {dblp computer science bibliography, https://dblp.org}
}

@inproceedings{DBLP:conf/atal/GiacomoPS10,
  author       = {Giuseppe De Giacomo and
                  Fabio Patrizi and
                  Sebastian Sardi{\~{n}}a},
  editor       = {Wiebe van der Hoek and
                  Gal A. Kaminka and
                  Yves Lesp{\'{e}}rance and
                  Michael Luck and
                  Sandip Sen},
  title        = {Agent programming via planning programs},
  booktitle    = {9th International Conference on Autonomous Agents and Multiagent Systems
                  {(AAMAS} 2010), Toronto, Canada, May 10-14, 2010, Volume 1-3},
  pages        = {491--498},
  publisher    = {{IFAAMAS}},
  year         = {2010},
  url          = {https://dl.acm.org/citation.cfm?id=1838276},
  timestamp    = {Fri, 30 Nov 2018 00:00:00 +0100},
  biburl       = {https://dblp.org/rec/conf/atal/GiacomoPS10.bib},
  bibsource    = {dblp computer science bibliography, https://dblp.org}
}

@inproceedings{DBLP:conf/atal/Khan10,
  author       = {Shakil M. Khan},
  editor       = {Wiebe van der Hoek and
                  Gal A. Kaminka and
                  Yves Lesp{\'{e}}rance and
                  Michael Luck and
                  Sandip Sen},
  title        = {Rational agents: prioritized goals, goal dynamics, and agent programming
                  languages with declarative goals},
  booktitle    = {9th International Conference on Autonomous Agents and Multiagent Systems
                  {(AAMAS} 2010), Toronto, Canada, May 10-14, 2010, Volume 1-3},
  pages        = {1653--1654},
  publisher    = {{IFAAMAS}},
  year         = {2010},
  url          = {https://dl.acm.org/citation.cfm?id=1838526},
  timestamp    = {Sat, 09 Apr 2022 01:00:00 +0200},
  biburl       = {https://dblp.org/rec/conf/atal/Khan10.bib},
  bibsource    = {dblp computer science bibliography, https://dblp.org}
}

@inproceedings{DBLP:conf/atal/SannerUD10,
  author       = {Scott Sanner and
                  William T. B. Uther and
                  Karina Valdivia Delgado},
  editor       = {Wiebe van der Hoek and
                  Gal A. Kaminka and
                  Yves Lesp{\'{e}}rance and
                  Michael Luck and
                  Sandip Sen},
  title        = {Approximate dynamic programming with affine ADDs},
  booktitle    = {9th International Conference on Autonomous Agents and Multiagent Systems
                  {(AAMAS} 2010), Toronto, Canada, May 10-14, 2010, Volume 1-3},
  pages        = {1349--1356},
  publisher    = {{IFAAMAS}},
  year         = {2010},
  url          = {https://dl.acm.org/citation.cfm?id=1838383},
  timestamp    = {Fri, 30 Nov 2018 00:00:00 +0100},
  biburl       = {https://dblp.org/rec/conf/atal/SannerUD10.bib},
  bibsource    = {dblp computer science bibliography, https://dblp.org}
}

@inproceedings{DBLP:conf/atal/ServiceA10,
  author       = {Travis C. Service and
                  Julie A. Adams},
  editor       = {Wiebe van der Hoek and
                  Gal A. Kaminka and
                  Yves Lesp{\'{e}}rance and
                  Michael Luck and
                  Sandip Sen},
  title        = {Anytime dynamic programming for coalition structure generation},
  booktitle    = {9th International Conference on Autonomous Agents and Multiagent Systems
                  {(AAMAS} 2010), Toronto, Canada, May 10-14, 2010, Volume 1-3},
  pages        = {1411--1412},
  publisher    = {{IFAAMAS}},
  year         = {2010},
  url          = {https://dl.acm.org/citation.cfm?id=1838407},
  timestamp    = {Fri, 30 Nov 2018 00:00:00 +0100},
  biburl       = {https://dblp.org/rec/conf/atal/ServiceA10.bib},
  bibsource    = {dblp computer science bibliography, https://dblp.org}
}

@inproceedings{DBLP:conf/atal/TinnemeierDM10,
  author       = {Nick A. M. Tinnemeier and
                  Mehdi Dastani and
                  John{-}Jules Ch. Meyer},
  editor       = {Wiebe van der Hoek and
                  Gal A. Kaminka and
                  Yves Lesp{\'{e}}rance and
                  Michael Luck and
                  Sandip Sen},
  title        = {Programming norm change},
  booktitle    = {9th International Conference on Autonomous Agents and Multiagent Systems
                  {(AAMAS} 2010), Toronto, Canada, May 10-14, 2010, Volume 1-3},
  pages        = {957--964},
  publisher    = {{IFAAMAS}},
  year         = {2010},
  url          = {https://dl.acm.org/citation.cfm?id=1838335},
  timestamp    = {Fri, 30 Nov 2018 00:00:00 +0100},
  biburl       = {https://dblp.org/rec/conf/atal/TinnemeierDM10.bib},
  bibsource    = {dblp computer science bibliography, https://dblp.org}
}

@inproceedings{DBLP:conf/atal/HindriksHR09,
  author       = {Koen V. Hindriks and
                  Wiebe van der Hoek and
                  M. Birna van Riemsdijk},
  editor       = {Carles Sierra and
                  Cristiano Castelfranchi and
                  Keith S. Decker and
                  Jaime Sim{\~{a}}o Sichman},
  title        = {Agent programming with temporally extended goals},
  booktitle    = {8th International Conference on Autonomous Agents and Multiagent Systems
                  {(AAMAS} 2009), Budapest, Hungary, May 10-15, 2009, Volume 1},
  pages        = {137--144},
  publisher    = {{IFAAMAS}},
  year         = {2009},
  url          = {https://dl.acm.org/citation.cfm?id=1558031},
  timestamp    = {Tue, 05 Nov 2024 14:15:47 +0100},
  biburl       = {https://dblp.org/rec/conf/atal/HindriksHR09.bib},
  bibsource    = {dblp computer science bibliography, https://dblp.org}
}

@inproceedings{DBLP:conf/atal/HubnerBB09,
  author       = {Jomi Fred H{\"{u}}bner and
                  Olivier Boissier and
                  Rafael H. Bordini},
  editor       = {Julian A. Padget and
                  Alexander Artikis and
                  Wamberto Weber Vasconcelos and
                  Kostas Stathis and
                  Viviane Torres da Silva and
                  Eric T. Matson and
                  Axel Polleres},
  title        = {A Normative Organisation Programming Language for Organisation Management
                  Infrastructures},
  booktitle    = {Coordination, Organizations, Institutions and Norms in Agent Systems
                  V, {COIN} 2009 International Workshops. COIN@AAMAS 2009, Budapest,
                  Hungary, May 2009, COIN@IJCAI 2009, Pasadena, USA, July 2009, COIN@MALLOW
                  2009, Turin, Italy, September 2009. Revised Selected Papers},
  series       = {Lecture Notes in Computer Science},
  volume       = {6069},
  pages        = {114--129},
  publisher    = {Springer},
  year         = {2009},
  url          = {https://doi.org/10.1007/978-3-642-14962-7\_8},
  doi          = {10.1007/978-3-642-14962-7\_8},
  timestamp    = {Sun, 04 Aug 2024 19:42:37 +0200},
  biburl       = {https://dblp.org/rec/conf/atal/HubnerBB09.bib},
  bibsource    = {dblp computer science bibliography, https://dblp.org}
}

@inproceedings{DBLP:conf/atal/KumarZ09,
  author       = {Akshat Kumar and
                  Shlomo Zilberstein},
  editor       = {Carles Sierra and
                  Cristiano Castelfranchi and
                  Keith S. Decker and
                  Jaime Sim{\~{a}}o Sichman},
  title        = {Constraint-based dynamic programming for decentralized POMDPs with
                  structured interactions},
  booktitle    = {8th International Conference on Autonomous Agents and Multiagent Systems
                  {(AAMAS} 2009), Budapest, Hungary, May 10-15, 2009, Volume 1},
  pages        = {561--568},
  publisher    = {{IFAAMAS}},
  year         = {2009},
  url          = {https://dl.acm.org/citation.cfm?id=1558091},
  timestamp    = {Fri, 30 Nov 2018 00:00:00 +0100},
  biburl       = {https://dblp.org/rec/conf/atal/KumarZ09.bib},
  bibsource    = {dblp computer science bibliography, https://dblp.org}
}

@inproceedings{DBLP:conf/atal/LeiteAM09,
  author       = {Jo{\~{a}}o Leite and
                  Jos{\'{e}} J{\'{u}}lio Alferes and
                  Belopeta Mito},
  editor       = {Carles Sierra and
                  Cristiano Castelfranchi and
                  Keith S. Decker and
                  Jaime Sim{\~{a}}o Sichman},
  title        = {Resource allocation with answer-set programming},
  booktitle    = {8th International Conference on Autonomous Agents and Multiagent Systems
                  {(AAMAS} 2009), Budapest, Hungary, May 10-15, 2009, Volume 1},
  pages        = {649--656},
  publisher    = {{IFAAMAS}},
  year         = {2009},
  url          = {https://dl.acm.org/citation.cfm?id=1558103},
  timestamp    = {Fri, 07 Aug 2020 01:00:00 +0200},
  biburl       = {https://dblp.org/rec/conf/atal/LeiteAM09.bib},
  bibsource    = {dblp computer science bibliography, https://dblp.org}
}

@inproceedings{DBLP:conf/atal/NovakJ09,
  author       = {Peter Nov{\'{a}}k and
                  Wojciech Jamroga},
  editor       = {Carles Sierra and
                  Cristiano Castelfranchi and
                  Keith S. Decker and
                  Jaime Sim{\~{a}}o Sichman},
  title        = {Code patterns for agent-oriented programming},
  booktitle    = {8th International Conference on Autonomous Agents and Multiagent Systems
                  {(AAMAS} 2009), Budapest, Hungary, May 10-15, 2009, Volume 1},
  pages        = {105--112},
  publisher    = {{IFAAMAS}},
  year         = {2009},
  url          = {https://dl.acm.org/citation.cfm?id=1558027},
  timestamp    = {Fri, 30 Nov 2018 00:00:00 +0100},
  biburl       = {https://dblp.org/rec/conf/atal/NovakJ09.bib},
  bibsource    = {dblp computer science bibliography, https://dblp.org}
}

@inproceedings{DBLP:conf/atal/TinnemeierDM09,
  author       = {Nick A. M. Tinnemeier and
                  Mehdi Dastani and
                  John{-}Jules Ch. Meyer},
  editor       = {Carles Sierra and
                  Cristiano Castelfranchi and
                  Keith S. Decker and
                  Jaime Sim{\~{a}}o Sichman},
  title        = {Roles and norms for programming agent organizations},
  booktitle    = {8th International Conference on Autonomous Agents and Multiagent Systems
                  {(AAMAS} 2009), Budapest, Hungary, May 10-15, 2009, Volume 1},
  pages        = {121--128},
  publisher    = {{IFAAMAS}},
  year         = {2009},
  url          = {https://dl.acm.org/citation.cfm?id=1558029},
  timestamp    = {Fri, 30 Nov 2018 00:00:00 +0100},
  biburl       = {https://dblp.org/rec/conf/atal/TinnemeierDM09.bib},
  bibsource    = {dblp computer science bibliography, https://dblp.org}
}

@inproceedings{DBLP:conf/atal/BachrachMG08,
  author       = {Jonathan Bachrach and
                  James McLurkin and
                  Anthony Grue},
  editor       = {Lin Padgham and
                  David C. Parkes and
                  J{\"{o}}rg P. M{\"{u}}ller and
                  Simon Parsons},
  title        = {Protoswarm: a language for programming multi-robot systems using the
                  amorphous medium abstraction},
  booktitle    = {7th International Joint Conference on Autonomous Agents and Multiagent
                  Systems {(AAMAS} 2008), Estoril, Portugal, May 12-16, 2008, Volume
                  3},
  pages        = {1175--1178},
  publisher    = {{IFAAMAS}},
  year         = {2008},
  url          = {https://dl.acm.org/citation.cfm?id=1402824},
  timestamp    = {Fri, 30 Nov 2018 00:00:00 +0100},
  biburl       = {https://dblp.org/rec/conf/atal/BachrachMG08.bib},
  bibsource    = {dblp computer science bibliography, https://dblp.org}
}

@inproceedings{DBLP:conf/atal/ChalamishSK08,
  author       = {Michal Chalamish and
                  David Sarne and
                  Sarit Kraus},
  editor       = {Lin Padgham and
                  David C. Parkes and
                  J{\"{o}}rg P. M{\"{u}}ller and
                  Simon Parsons},
  title        = {Programming agents as a means of capturing self-strategy},
  booktitle    = {7th International Joint Conference on Autonomous Agents and Multiagent
                  Systems {(AAMAS} 2008), Estoril, Portugal, May 12-16, 2008, Volume
                  2},
  pages        = {1161--1168},
  publisher    = {{IFAAMAS}},
  year         = {2008},
  url          = {https://dl.acm.org/citation.cfm?id=1402382},
  timestamp    = {Fri, 30 Nov 2018 00:00:00 +0100},
  biburl       = {https://dblp.org/rec/conf/atal/ChalamishSK08.bib},
  bibsource    = {dblp computer science bibliography, https://dblp.org}
}

@inproceedings{DBLP:conf/atal/LesperanceGO08,
  author       = {Yves Lesp{\'{e}}rance and
                  Giuseppe De Giacomo and
                  Atalay Nafi Ozgovde},
  editor       = {Lin Padgham and
                  David C. Parkes and
                  J{\"{o}}rg P. M{\"{u}}ller and
                  Simon Parsons},
  title        = {A model of contingent planning for agent programming languages},
  booktitle    = {7th International Joint Conference on Autonomous Agents and Multiagent
                  Systems {(AAMAS} 2008), Estoril, Portugal, May 12-16, 2008, Volume
                  1},
  pages        = {477--484},
  publisher    = {{IFAAMAS}},
  year         = {2008},
  url          = {https://dl.acm.org/citation.cfm?id=1402452},
  timestamp    = {Fri, 30 Nov 2018 00:00:00 +0100},
  biburl       = {https://dblp.org/rec/conf/atal/LesperanceGO08.bib},
  bibsource    = {dblp computer science bibliography, https://dblp.org}
}

@inproceedings{DBLP:conf/atal/RahwanJ08,
  author       = {Talal Rahwan and
                  Nicholas R. Jennings},
  editor       = {Lin Padgham and
                  David C. Parkes and
                  J{\"{o}}rg P. M{\"{u}}ller and
                  Simon Parsons},
  title        = {An improved dynamic programming algorithm for coalition structure
                  generation},
  booktitle    = {7th International Joint Conference on Autonomous Agents and Multiagent
                  Systems {(AAMAS} 2008), Estoril, Portugal, May 12-16, 2008, Volume
                  3},
  pages        = {1417--1420},
  publisher    = {{IFAAMAS}},
  year         = {2008},
  url          = {https://dl.acm.org/citation.cfm?id=1402887},
  timestamp    = {Fri, 30 Nov 2018 00:00:00 +0100},
  biburl       = {https://dblp.org/rec/conf/atal/RahwanJ08.bib},
  bibsource    = {dblp computer science bibliography, https://dblp.org}
}

@inproceedings{DBLP:conf/atal/RicciPABHD08,
  author       = {Alessandro Ricci and
                  Michele Piunti and
                  Daghan L. Acay and
                  Rafael H. Bordini and
                  Jomi Fred H{\"{u}}bner and
                  Mehdi Dastani},
  editor       = {Lin Padgham and
                  David C. Parkes and
                  J{\"{o}}rg P. M{\"{u}}ller and
                  Simon Parsons},
  title        = {Integrating heterogeneous agent programming platforms within artifact-based
                  environments},
  booktitle    = {7th International Joint Conference on Autonomous Agents and Multiagent
                  Systems {(AAMAS} 2008), Estoril, Portugal, May 12-16, 2008, Volume
                  1},
  pages        = {225--232},
  publisher    = {{IFAAMAS}},
  year         = {2008},
  url          = {https://dl.acm.org/citation.cfm?id=1402419},
  timestamp    = {Fri, 30 Nov 2018 00:00:00 +0100},
  biburl       = {https://dblp.org/rec/conf/atal/RicciPABHD08.bib},
  bibsource    = {dblp computer science bibliography, https://dblp.org}
}

@inproceedings{DBLP:conf/atal/WitzelZ08,
  author       = {Andreas Witzel and
                  Jonathan A. Zvesper},
  editor       = {Lin Padgham and
                  David C. Parkes and
                  J{\"{o}}rg P. M{\"{u}}ller and
                  Simon Parsons},
  title        = {Epistemic logic and explicit knowledge in distributed programming},
  booktitle    = {7th International Joint Conference on Autonomous Agents and Multiagent
                  Systems {(AAMAS} 2008), Estoril, Portugal, May 12-16, 2008, Volume
                  3},
  pages        = {1463--1466},
  publisher    = {{IFAAMAS}},
  year         = {2008},
  url          = {https://dl.acm.org/citation.cfm?id=1402899},
  timestamp    = {Fri, 30 Nov 2018 00:00:00 +0100},
  biburl       = {https://dblp.org/rec/conf/atal/WitzelZ08.bib},
  bibsource    = {dblp computer science bibliography, https://dblp.org}
}

@inproceedings{DBLP:conf/atal/YaminsN08,
  author       = {Daniel Yamins and
                  Radhika Nagpal},
  editor       = {Lin Padgham and
                  David C. Parkes and
                  J{\"{o}}rg P. M{\"{u}}ller and
                  Simon Parsons},
  title        = {Automated global-to-local programming in 1-D spatial multi-agent systems},
  booktitle    = {7th International Joint Conference on Autonomous Agents and Multiagent
                  Systems {(AAMAS} 2008), Estoril, Portugal, May 12-16, 2008, Volume
                  2},
  pages        = {615--622},
  publisher    = {{IFAAMAS}},
  year         = {2008},
  url          = {https://dl.acm.org/citation.cfm?id=1402310},
  timestamp    = {Fri, 30 Nov 2018 00:00:00 +0100},
  biburl       = {https://dblp.org/rec/conf/atal/YaminsN08.bib},
  bibsource    = {dblp computer science bibliography, https://dblp.org}
}

@inproceedings{DBLP:conf/atal/DastaniHM07,
  author       = {Mehdi Dastani and
                  Dirk Hobo and
                  John{-}Jules Ch. Meyer},
  editor       = {Edmund H. Durfee and
                  Makoto Yokoo and
                  Michael N. Huhns and
                  Onn Shehory},
  title        = {Practical extensions in agent programming languages},
  booktitle    = {6th International Joint Conference on Autonomous Agents and Multiagent
                  Systems {(AAMAS} 2007), Honolulu, Hawaii, USA, May 14-18, 2007},
  pages        = {138},
  publisher    = {{IFAAMAS}},
  year         = {2007},
  url          = {https://doi.org/10.1145/1329125.1329294},
  doi          = {10.1145/1329125.1329294},
  timestamp    = {Tue, 06 Nov 2018 00:00:00 +0100},
  biburl       = {https://dblp.org/rec/conf/atal/DastaniHM07.bib},
  bibsource    = {dblp computer science bibliography, https://dblp.org}
}

@inproceedings{DBLP:conf/atal/KluschS07,
  author       = {Matthias Klusch and
                  Ren{\'{e}} Schubotz},
  editor       = {Edmund H. Durfee and
                  Makoto Yokoo and
                  Michael N. Huhns and
                  Onn Shehory},
  title        = {Programming and simulation of quantum search agents},
  booktitle    = {6th International Joint Conference on Autonomous Agents and Multiagent
                  Systems {(AAMAS} 2007), Honolulu, Hawaii, USA, May 14-18, 2007},
  pages        = {86},
  publisher    = {{IFAAMAS}},
  year         = {2007},
  url          = {https://doi.org/10.1145/1329125.1329230},
  doi          = {10.1145/1329125.1329230},
  timestamp    = {Sun, 19 Jan 2025 00:00:00 +0100},
  biburl       = {https://dblp.org/rec/conf/atal/KluschS07.bib},
  bibsource    = {dblp computer science bibliography, https://dblp.org}
}

@inproceedings{DBLP:conf/atal/DastaniRM06,
  author       = {Mehdi Dastani and
                  M. Birna van Riemsdijk and
                  John{-}Jules Ch. Meyer},
  editor       = {Hideyuki Nakashima and
                  Michael P. Wellman and
                  Gerhard Weiss and
                  Peter Stone},
  title        = {Goal types in agent programming},
  booktitle    = {5th International Joint Conference on Autonomous Agents and Multiagent
                  Systems {(AAMAS} 2006), Hakodate, Japan, May 8-12, 2006},
  pages        = {1285--1287},
  publisher    = {{ACM}},
  year         = {2006},
  url          = {https://doi.org/10.1145/1160633.1160867},
  doi          = {10.1145/1160633.1160867},
  timestamp    = {Tue, 19 Nov 2024 15:59:16 +0100},
  biburl       = {https://dblp.org/rec/conf/atal/DastaniRM06.bib},
  bibsource    = {dblp computer science bibliography, https://dblp.org}
}

@inproceedings{DBLP:conf/atal/Garcia-CaminoRS06,
  author       = {Andr{\'{e}}s Garc{\'{\i}}a{-}Camino and
                  Juan Antonio Rodr{\'{\i}}guez{-}Aguilar and
                  Carles Sierra and
                  Wamberto Weber Vasconcelos},
  editor       = {Pablo Noriega and
                  Javier V{\'{a}}zquez{-}Salceda and
                  Guido Boella and
                  Olivier Boissier and
                  Virginia Dignum and
                  Nicoletta Fornara and
                  Eric Matson},
  title        = {Norm-Oriented Programming of Electronic Institutions: {A} Rule-Based
                  Approach},
  booktitle    = {Coordination, Organizations, Institutions, and Norms in Agent Systems
                  {II} - {AAMAS} 2006 and {ECAI} 2006 International Workshops, {COIN}
                  2006 Hakodate, Japan, May 9, 2006 Riva del Garda, Italy, August 28,
                  2006. Revised Selected Papers},
  series       = {Lecture Notes in Computer Science},
  volume       = {4386},
  pages        = {177--193},
  publisher    = {Springer},
  year         = {2006},
  url          = {https://doi.org/10.1007/978-3-540-74459-7\_12},
  doi          = {10.1007/978-3-540-74459-7\_12},
  timestamp    = {Thu, 14 Oct 2021 09:46:50 +0200},
  biburl       = {https://dblp.org/rec/conf/atal/Garcia-CaminoRS06.bib},
  bibsource    = {dblp computer science bibliography, https://dblp.org}
}

@inproceedings{DBLP:conf/atal/Garcia-CaminoRSV06,
  author       = {Andr{\'{e}}s Garc{\'{\i}}a{-}Camino and
                  Juan A. Rodr{\'{\i}}guez{-}Aguilar and
                  Carles Sierra and
                  Wamberto Weber Vasconcelos},
  editor       = {Hideyuki Nakashima and
                  Michael P. Wellman and
                  Gerhard Weiss and
                  Peter Stone},
  title        = {Norm-oriented programming of electronic institutions},
  booktitle    = {5th International Joint Conference on Autonomous Agents and Multiagent
                  Systems {(AAMAS} 2006), Hakodate, Japan, May 8-12, 2006},
  pages        = {670--672},
  publisher    = {{ACM}},
  year         = {2006},
  url          = {https://doi.org/10.1145/1160633.1160750},
  doi          = {10.1145/1160633.1160750},
  timestamp    = {Sun, 25 Oct 2020 01:00:00 +0200},
  biburl       = {https://dblp.org/rec/conf/atal/Garcia-CaminoRSV06.bib},
  bibsource    = {dblp computer science bibliography, https://dblp.org}
}

@inproceedings{DBLP:conf/atal/KluglHF06,
  author       = {Franziska Kl{\"{u}}gl and
                  Rainer Herrler and
                  Manuel Fehler},
  editor       = {Hideyuki Nakashima and
                  Michael P. Wellman and
                  Gerhard Weiss and
                  Peter Stone},
  title        = {SeSAm: implementation of agent-based simulation using visual programming},
  booktitle    = {5th International Joint Conference on Autonomous Agents and Multiagent
                  Systems {(AAMAS} 2006), Hakodate, Japan, May 8-12, 2006},
  pages        = {1439--1440},
  publisher    = {{ACM}},
  year         = {2006},
  url          = {https://doi.org/10.1145/1160633.1160904},
  doi          = {10.1145/1160633.1160904},
  timestamp    = {Tue, 06 Nov 2018 00:00:00 +0100},
  biburl       = {https://dblp.org/rec/conf/atal/KluglHF06.bib},
  bibsource    = {dblp computer science bibliography, https://dblp.org}
}

@inproceedings{DBLP:conf/atal/MameiZ06,
  author       = {Marco Mamei and
                  Franco Zambonelli},
  editor       = {Hideyuki Nakashima and
                  Michael P. Wellman and
                  Gerhard Weiss and
                  Peter Stone},
  title        = {Programming modular robots with the {TOTA} middleware},
  booktitle    = {5th International Joint Conference on Autonomous Agents and Multiagent
                  Systems {(AAMAS} 2006), Hakodate, Japan, May 8-12, 2006},
  pages        = {485--487},
  publisher    = {{ACM}},
  year         = {2006},
  url          = {https://doi.org/10.1145/1160633.1160722},
  doi          = {10.1145/1160633.1160722},
  timestamp    = {Tue, 06 Nov 2018 00:00:00 +0100},
  biburl       = {https://dblp.org/rec/conf/atal/MameiZ06.bib},
  bibsource    = {dblp computer science bibliography, https://dblp.org}
}

@inproceedings{DBLP:conf/atal/PaulinoL06,
  author       = {Herv{\'{e}} Paulino and
                  Lu{\'{\i}}s M. B. Lopes},
  editor       = {Hideyuki Nakashima and
                  Michael P. Wellman and
                  Gerhard Weiss and
                  Peter Stone},
  title        = {A service-oriented language for programming mobile agents},
  booktitle    = {5th International Joint Conference on Autonomous Agents and Multiagent
                  Systems {(AAMAS} 2006), Hakodate, Japan, May 8-12, 2006},
  pages        = {1294--1296},
  publisher    = {{ACM}},
  year         = {2006},
  url          = {https://doi.org/10.1145/1160633.1160870},
  doi          = {10.1145/1160633.1160870},
  timestamp    = {Tue, 06 Nov 2018 00:00:00 +0100},
  biburl       = {https://dblp.org/rec/conf/atal/PaulinoL06.bib},
  bibsource    = {dblp computer science bibliography, https://dblp.org}
}

@inproceedings{DBLP:conf/atal/RiemsdijkDMB06,
  author       = {M. Birna van Riemsdijk and
                  Mehdi Dastani and
                  John{-}Jules Ch. Meyer and
                  Frank S. de Boer},
  editor       = {Hideyuki Nakashima and
                  Michael P. Wellman and
                  Gerhard Weiss and
                  Peter Stone},
  title        = {Goal-oriented modularity in agent programming},
  booktitle    = {5th International Joint Conference on Autonomous Agents and Multiagent
                  Systems {(AAMAS} 2006), Hakodate, Japan, May 8-12, 2006},
  pages        = {1271--1278},
  publisher    = {{ACM}},
  year         = {2006},
  url          = {https://doi.org/10.1145/1160633.1160864},
  doi          = {10.1145/1160633.1160864},
  timestamp    = {Mon, 03 Jan 2022 00:00:00 +0100},
  biburl       = {https://dblp.org/rec/conf/atal/RiemsdijkDMB06.bib},
  bibsource    = {dblp computer science bibliography, https://dblp.org}
}

@inproceedings{DBLP:conf/atal/SardinaSP06,
  author       = {Sebastian Sardi{\~{n}}a and
                  Lavindra de Silva and
                  Lin Padgham},
  editor       = {Hideyuki Nakashima and
                  Michael P. Wellman and
                  Gerhard Weiss and
                  Peter Stone},
  title        = {Hierarchical planning in {BDI} agent programming languages: a formal
                  approach},
  booktitle    = {5th International Joint Conference on Autonomous Agents and Multiagent
                  Systems {(AAMAS} 2006), Hakodate, Japan, May 8-12, 2006},
  pages        = {1001--1008},
  publisher    = {{ACM}},
  year         = {2006},
  url          = {https://doi.org/10.1145/1160633.1160813},
  doi          = {10.1145/1160633.1160813},
  timestamp    = {Sat, 05 Sep 2020 01:00:00 +0200},
  biburl       = {https://dblp.org/rec/conf/atal/SardinaSP06.bib},
  bibsource    = {dblp computer science bibliography, https://dblp.org}
}

@inproceedings{DBLP:conf/atal/WuD06,
  author       = {Jianhui Wu and
                  Edmund H. Durfee},
  editor       = {Hideyuki Nakashima and
                  Michael P. Wellman and
                  Gerhard Weiss and
                  Peter Stone},
  title        = {Mathematical programming for deliberation scheduling in time-limited
                  domains},
  booktitle    = {5th International Joint Conference on Autonomous Agents and Multiagent
                  Systems {(AAMAS} 2006), Hakodate, Japan, May 8-12, 2006},
  pages        = {874--881},
  publisher    = {{ACM}},
  year         = {2006},
  url          = {https://doi.org/10.1145/1160633.1160789},
  doi          = {10.1145/1160633.1160789},
  timestamp    = {Mon, 07 Nov 2022 00:00:00 +0100},
  biburl       = {https://dblp.org/rec/conf/atal/WuD06.bib},
  bibsource    = {dblp computer science bibliography, https://dblp.org}
}

@inproceedings{DBLP:conf/atal/WuD06a,
  author       = {Jianhui Wu and
                  Edmund H. Durfee},
  editor       = {Hideyuki Nakashima and
                  Michael P. Wellman and
                  Gerhard Weiss and
                  Peter Stone},
  title        = {Mixed-integer linear programming for transition-independent decentralized
                  MDPs},
  booktitle    = {5th International Joint Conference on Autonomous Agents and Multiagent
                  Systems {(AAMAS} 2006), Hakodate, Japan, May 8-12, 2006},
  pages        = {1058--1060},
  publisher    = {{ACM}},
  year         = {2006},
  url          = {https://doi.org/10.1145/1160633.1160822},
  doi          = {10.1145/1160633.1160822},
  timestamp    = {Sun, 19 Jan 2025 00:00:00 +0100},
  biburl       = {https://dblp.org/rec/conf/atal/WuD06a.bib},
  bibsource    = {dblp computer science bibliography, https://dblp.org}
}

@inproceedings{DBLP:conf/atal/CliffeVP05,
  author       = {Owen Cliffe and
                  Marina De Vos and
                  Julian A. Padget},
  editor       = {Olivier Boissier and
                  Julian A. Padget and
                  Virginia Dignum and
                  Gabriela Lindemann and
                  Eric T. Matson and
                  Sascha Ossowski and
                  Jaime Sim{\~{a}}o Sichman and
                  Javier V{\'{a}}zquez{-}Salceda},
  title        = {Specifying and Analysing Agent-Based Social Institutions Using Answer
                  Set Programming},
  booktitle    = {Coordination, Organizations, Institutions, and Norms in Multi-Agent
                  Systems, {AAMAS} 2005 International Workshops on Agents, Norms and
                  Institutions for Regulated Multi-Agent Systems, {ANIREM} 2005, and
                  Organizations in Multi-Agent Systems, {OOOP} 2005, Utrecht, The Netherlands,
                  July 25-26, 2005, Revised Selected Papers},
  series       = {Lecture Notes in Computer Science},
  volume       = {3913},
  pages        = {99--113},
  publisher    = {Springer},
  year         = {2005},
  url          = {https://doi.org/10.1007/11775331\_7},
  doi          = {10.1007/11775331\_7},
  timestamp    = {Sun, 04 Aug 2024 19:42:36 +0200},
  biburl       = {https://dblp.org/rec/conf/atal/CliffeVP05.bib},
  bibsource    = {dblp computer science bibliography, https://dblp.org}
}

@inproceedings{DBLP:conf/atal/GeorgeG05,
  author       = {Jean{-}Pierre Georg{\'{e}} and
                  Marie{-}Pierre Gleizes},
  editor       = {Frank Dignum and
                  Virginia Dignum and
                  Sven Koenig and
                  Sarit Kraus and
                  Munindar P. Singh and
                  Michael J. Wooldridge},
  title        = {Emergent programming feasibility study using self-organizing instruction-agents},
  booktitle    = {4th International Joint Conference on Autonomous Agents and Multiagent
                  Systems {(AAMAS} 2005), July 25-29, 2005, Utrecht, The Netherlands},
  pages        = {1139--1140},
  publisher    = {{ACM}},
  year         = {2005},
  url          = {https://doi.org/10.1145/1082473.1082662},
  doi          = {10.1145/1082473.1082662},
  timestamp    = {Mon, 07 Oct 2019 01:00:00 +0200},
  biburl       = {https://dblp.org/rec/conf/atal/GeorgeG05.bib},
  bibsource    = {dblp computer science bibliography, https://dblp.org}
}

@inproceedings{DBLP:conf/atal/MameiZ05,
  author       = {Marco Mamei and
                  Franco Zambonelli},
  editor       = {Frank Dignum and
                  Virginia Dignum and
                  Sven Koenig and
                  Sarit Kraus and
                  Munindar P. Singh and
                  Michael J. Wooldridge},
  title        = {Programming stigmergic coordination with the {TOTA} middleware},
  booktitle    = {4th International Joint Conference on Autonomous Agents and Multiagent
                  Systems {(AAMAS} 2005), July 25-29, 2005, Utrecht, The Netherlands},
  pages        = {415--422},
  publisher    = {{ACM}},
  year         = {2005},
  url          = {https://doi.org/10.1145/1082473.1082537},
  doi          = {10.1145/1082473.1082537},
  timestamp    = {Tue, 06 Nov 2018 00:00:00 +0100},
  biburl       = {https://dblp.org/rec/conf/atal/MameiZ05.bib},
  bibsource    = {dblp computer science bibliography, https://dblp.org}
}

@inproceedings{DBLP:conf/atal/Riemsdijk05,
  author       = {M. Birna van Riemsdijk},
  editor       = {Frank Dignum and
                  Virginia Dignum and
                  Sven Koenig and
                  Sarit Kraus and
                  Munindar P. Singh and
                  Michael J. Wooldridge},
  title        = {Cognitive agent programming},
  booktitle    = {4th International Joint Conference on Autonomous Agents and Multiagent
                  Systems {(AAMAS} 2005), July 25-29, 2005, Utrecht, The Netherlands},
  pages        = {1385},
  publisher    = {{ACM}},
  year         = {2005},
  url          = {https://doi.org/10.1145/1082473.1082793},
  doi          = {10.1145/1082473.1082793},
  timestamp    = {Tue, 06 Nov 2018 00:00:00 +0100},
  biburl       = {https://dblp.org/rec/conf/atal/Riemsdijk05.bib},
  bibsource    = {dblp computer science bibliography, https://dblp.org}
}

@inproceedings{DBLP:conf/atal/RiemsdijkDM05,
  author       = {Birna van Riemsdijk and
                  Mehdi Dastani and
                  John{-}Jules Ch. Meyer},
  editor       = {Frank Dignum and
                  Virginia Dignum and
                  Sven Koenig and
                  Sarit Kraus and
                  Munindar P. Singh and
                  Michael J. Wooldridge},
  title        = {Semantics of declarative goals in agent programming},
  booktitle    = {4th International Joint Conference on Autonomous Agents and Multiagent
                  Systems {(AAMAS} 2005), July 25-29, 2005, Utrecht, The Netherlands},
  pages        = {133--140},
  publisher    = {{ACM}},
  year         = {2005},
  url          = {https://doi.org/10.1145/1082473.1082494},
  doi          = {10.1145/1082473.1082494},
  timestamp    = {Tue, 06 Nov 2018 00:00:00 +0100},
  biburl       = {https://dblp.org/rec/conf/atal/RiemsdijkDM05.bib},
  bibsource    = {dblp computer science bibliography, https://dblp.org}
}

@inproceedings{DBLP:conf/atal/WangSZ05,
  author       = {Ji Wang and
                  Rui Shen and
                  Hong Zhu},
  editor       = {Frank Dignum and
                  Virginia Dignum and
                  Sven Koenig and
                  Sarit Kraus and
                  Munindar P. Singh and
                  Michael J. Wooldridge},
  title        = {Towards an agent oriented programming language with caste and scenario
                  mechanisms},
  booktitle    = {4th International Joint Conference on Autonomous Agents and Multiagent
                  Systems {(AAMAS} 2005), July 25-29, 2005, Utrecht, The Netherlands},
  pages        = {1297--1298},
  publisher    = {{ACM}},
  year         = {2005},
  url          = {https://doi.org/10.1145/1082473.1082741},
  doi          = {10.1145/1082473.1082741},
  timestamp    = {Mon, 13 May 2024 01:00:00 +0200},
  biburl       = {https://dblp.org/rec/conf/atal/WangSZ05.bib},
  bibsource    = {dblp computer science bibliography, https://dblp.org}
}

@inproceedings{DBLP:conf/atal/DastaniT04,
  author       = {Mehdi Dastani and
                  Leendert W. N. van der Torre},
  title        = {Programming BOID-Plan Agents: Deliberating about Conflicts among Defeasible
                  Mental Attitudes and Plans},
  booktitle    = {3rd International Joint Conference on Autonomous Agents and Multiagent
                  Systems {(AAMAS} 2004), 19-23 August 2004, New York, NY, {USA}},
  pages        = {706--713},
  publisher    = {{IEEE} Computer Society},
  year         = {2004},
  url          = {https://doi.ieeecomputersociety.org/10.1109/AAMAS.2004.10082},
  doi          = {10.1109/AAMAS.2004.10082},
  timestamp    = {Fri, 24 Mar 2023 00:00:00 +0100},
  biburl       = {https://dblp.org/rec/conf/atal/DastaniT04.bib},
  bibsource    = {dblp computer science bibliography, https://dblp.org}
}

@inproceedings{DBLP:conf/atal/KumarC04,
  author       = {Sanjeev Kumar and
                  Philip R. Cohen},
  title        = {{STAPLE:} An Agent Programming Language Based on the Joint Intention
                  Theory},
  booktitle    = {3rd International Joint Conference on Autonomous Agents and Multiagent
                  Systems {(AAMAS} 2004), 19-23 August 2004, New York, NY, {USA}},
  pages        = {1390--1391},
  publisher    = {{IEEE} Computer Society},
  year         = {2004},
  url          = {https://doi.ieeecomputersociety.org/10.1109/AAMAS.2004.10199},
  doi          = {10.1109/AAMAS.2004.10199},
  timestamp    = {Fri, 24 Mar 2023 00:00:00 +0100},
  biburl       = {https://dblp.org/rec/conf/atal/KumarC04.bib},
  bibsource    = {dblp computer science bibliography, https://dblp.org}
}

@inproceedings{DBLP:conf/atal/SunaFFB04,
  author       = {Alexandru Suna and
                  Amal El Fallah Seghrouchni and
                  Christophe Fouquer{\'{e}} and
                  Patrick Baillot},
  title        = {Mobile Multi-Agent Systems: {A} Programming Language and Its Semantics},
  booktitle    = {3rd International Joint Conference on Autonomous Agents and Multiagent
                  Systems {(AAMAS} 2004), 19-23 August 2004, New York, NY, {USA}},
  pages        = {1386--1387},
  publisher    = {{IEEE} Computer Society},
  year         = {2004},
  url          = {https://doi.ieeecomputersociety.org/10.1109/AAMAS.2004.10198},
  doi          = {10.1109/AAMAS.2004.10198},
  timestamp    = {Fri, 24 Mar 2023 00:00:00 +0100},
  biburl       = {https://dblp.org/rec/conf/atal/SunaFFB04.bib},
  bibsource    = {dblp computer science bibliography, https://dblp.org}
}

@inproceedings{DBLP:conf/atal/VuV04,
  author       = {Thuc Vu and
                  Manuela M. Veloso},
  title        = {High-Level Behavior Programming},
  booktitle    = {3rd International Joint Conference on Autonomous Agents and Multiagent
                  Systems {(AAMAS} 2004), 19-23 August 2004, New York, NY, {USA}},
  pages        = {1384--1385},
  publisher    = {{IEEE} Computer Society},
  year         = {2004},
  url          = {https://doi.ieeecomputersociety.org/10.1109/AAMAS.2004.10193},
  doi          = {10.1109/AAMAS.2004.10193},
  timestamp    = {Fri, 24 Mar 2023 00:00:00 +0100},
  biburl       = {https://dblp.org/rec/conf/atal/VuV04.bib},
  bibsource    = {dblp computer science bibliography, https://dblp.org}
}

@inproceedings{DBLP:conf/atal/DastaniBDM03,
  author       = {Mehdi Dastani and
                  Frank S. de Boer and
                  Frank Dignum and
                  John{-}Jules Ch. Meyer},
  title        = {Programming agent deliberation: an approach illustrated using the
                  3APL language},
  booktitle    = {The Second International Joint Conference on Autonomous Agents {\&}
                  Multiagent Systems, {AAMAS} 2003, July 14-18, 2003, Melbourne, Victoria,
                  Australia, Proceedings},
  pages        = {97--104},
  publisher    = {{ACM}},
  year         = {2003},
  url          = {https://doi.org/10.1145/860575.860592},
  doi          = {10.1145/860575.860592},
  timestamp    = {Tue, 06 Nov 2018 00:00:00 +0100},
  biburl       = {https://dblp.org/rec/conf/atal/DastaniBDM03.bib},
  bibsource    = {dblp computer science bibliography, https://dblp.org}
}

@inproceedings{DBLP:conf/atal/DungHT03,
  author       = {Phan Minh Dung and
                  Do Duc Hanh and
                  Phan Minh Thang},
  title        = {Stabilization of cooperative information agents in unpredictable environment:
                  a logic programming approach},
  booktitle    = {The Second International Joint Conference on Autonomous Agents {\&}
                  Multiagent Systems, {AAMAS} 2003, July 14-18, 2003, Melbourne, Victoria,
                  Australia, Proceedings},
  pages        = {978--979},
  publisher    = {{ACM}},
  year         = {2003},
  url          = {https://doi.org/10.1145/860575.860754},
  doi          = {10.1145/860575.860754},
  timestamp    = {Tue, 06 Nov 2018 00:00:00 +0100},
  biburl       = {https://dblp.org/rec/conf/atal/DungHT03.bib},
  bibsource    = {dblp computer science bibliography, https://dblp.org}
}

@inproceedings{DBLP:conf/atal/PhelpsMPS03,
  author       = {Steve Phelps and
                  Peter McBurney and
                  Simon Parsons and
                  Elizabeth Sklar},
  title        = {Applying genetic programming to economic mechanism design: evolving
                  a pricing rule for a continuous double auction},
  booktitle    = {The Second International Joint Conference on Autonomous Agents {\&}
                  Multiagent Systems, {AAMAS} 2003, July 14-18, 2003, Melbourne, Victoria,
                  Australia, Proceedings},
  pages        = {1096--1097},
  publisher    = {{ACM}},
  year         = {2003},
  url          = {https://doi.org/10.1145/860575.860813},
  doi          = {10.1145/860575.860813},
  timestamp    = {Tue, 06 Nov 2018 00:00:00 +0100},
  biburl       = {https://dblp.org/rec/conf/atal/PhelpsMPS03.bib},
  bibsource    = {dblp computer science bibliography, https://dblp.org}
}

@inproceedings{DBLP:conf/atal/RiemsdijkHM03,
  author       = {Birna van Riemsdijk and
                  Wiebe van der Hoek and
                  John{-}Jules Ch. Meyer},
  title        = {Agent programming in dribble: from beliefs to goals using plans},
  booktitle    = {The Second International Joint Conference on Autonomous Agents {\&}
                  Multiagent Systems, {AAMAS} 2003, July 14-18, 2003, Melbourne, Victoria,
                  Australia, Proceedings},
  pages        = {393--400},
  publisher    = {{ACM}},
  year         = {2003},
  url          = {https://doi.org/10.1145/860575.860639},
  doi          = {10.1145/860575.860639},
  timestamp    = {Tue, 06 Nov 2018 00:00:00 +0100},
  biburl       = {https://dblp.org/rec/conf/atal/RiemsdijkHM03.bib},
  bibsource    = {dblp computer science bibliography, https://dblp.org}
}

@inproceedings{DBLP:conf/atal/Kinny02,
  author       = {David Kinny},
  title        = {ViP: a visual programming language for plan execution systems},
  booktitle    = {The First International Joint Conference on Autonomous Agents {\&}
                  Multiagent Systems, {AAMAS} 2002, July 15-19, 2002, Bologna, Italy,
                  Proceedings},
  pages        = {721--728},
  publisher    = {{ACM}},
  year         = {2002},
  url          = {https://doi.org/10.1145/544862.544914},
  doi          = {10.1145/544862.544914},
  timestamp    = {Tue, 06 Nov 2018 00:00:00 +0100},
  biburl       = {https://dblp.org/rec/conf/atal/Kinny02.bib},
  bibsource    = {dblp computer science bibliography, https://dblp.org}
}

@inproceedings{DBLP:conf/atal/KleinFT02,
  author       = {Gilles Klein and
                  Amal El Fallah Seghrouchni and
                  Patrick Taillibert},
  title        = {{HAMAC:} an agent-based programming method},
  booktitle    = {The First International Joint Conference on Autonomous Agents {\&}
                  Multiagent Systems, {AAMAS} 2002, July 15-19, 2002, Bologna, Italy,
                  Proceedings},
  pages        = {47--48},
  publisher    = {{ACM}},
  year         = {2002},
  url          = {https://doi.org/10.1145/544741.544754},
  doi          = {10.1145/544741.544754},
  timestamp    = {Wed, 12 Aug 2020 01:00:00 +0200},
  biburl       = {https://dblp.org/rec/conf/atal/KleinFT02.bib},
  bibsource    = {dblp computer science bibliography, https://dblp.org}
}

@inproceedings{DBLP:conf/atal/Knublauch02,
  author       = {Holger Knublauch},
  title        = {Extreme programming of multi-agent systems},
  booktitle    = {The First International Joint Conference on Autonomous Agents {\&}
                  Multiagent Systems, {AAMAS} 2002, July 15-19, 2002, Bologna, Italy,
                  Proceedings},
  pages        = {704--711},
  publisher    = {{ACM}},
  year         = {2002},
  url          = {https://doi.org/10.1145/544862.544912},
  doi          = {10.1145/544862.544912},
  timestamp    = {Tue, 06 Nov 2018 00:00:00 +0100},
  biburl       = {https://dblp.org/rec/conf/atal/Knublauch02.bib},
  bibsource    = {dblp computer science bibliography, https://dblp.org}
}

@inproceedings{DBLP:conf/atal/SierraSAG02,
  author       = {Carles Sierra and
                  Jordi Sabater and
                  Jaume Agust{\'{\i}}{-}Cullell and
                  Pere Garcia},
  title        = {Evolutionary programming in {SADDE}},
  booktitle    = {The First International Joint Conference on Autonomous Agents {\&}
                  Multiagent Systems, {AAMAS} 2002, July 15-19, 2002, Bologna, Italy,
                  Proceedings},
  pages        = {1270--1271},
  publisher    = {{ACM}},
  year         = {2002},
  url          = {https://doi.org/10.1145/545056.545114},
  doi          = {10.1145/545056.545114},
  timestamp    = {Tue, 06 Nov 2018 00:00:00 +0100},
  biburl       = {https://dblp.org/rec/conf/atal/SierraSAG02.bib},
  bibsource    = {dblp computer science bibliography, https://dblp.org}
}

@inproceedings{DBLP:conf/atal/TesauroB02,
  author       = {Gerald Tesauro and
                  Jonathan Bredin},
  title        = {Strategic sequential bidding in auctions using dynamic programming},
  booktitle    = {The First International Joint Conference on Autonomous Agents {\&}
                  Multiagent Systems, {AAMAS} 2002, July 15-19, 2002, Bologna, Italy,
                  Proceedings},
  pages        = {591--598},
  publisher    = {{ACM}},
  year         = {2002},
  url          = {https://doi.org/10.1145/544862.544885},
  doi          = {10.1145/544862.544885},
  timestamp    = {Tue, 06 Nov 2018 00:00:00 +0100},
  biburl       = {https://dblp.org/rec/conf/atal/TesauroB02.bib},
  bibsource    = {dblp computer science bibliography, https://dblp.org}
}

@inproceedings{DBLP:conf/atal/YokooS02,
  author       = {Makoto Yokoo and
                  Koutarou Suzuki},
  title        = {Secure multi-agent dynamic programming based on homomorphic encryption
                  and its application to combinatorial auctions},
  booktitle    = {The First International Joint Conference on Autonomous Agents {\&}
                  Multiagent Systems, {AAMAS} 2002, July 15-19, 2002, Bologna, Italy,
                  Proceedings},
  pages        = {112--119},
  publisher    = {{ACM}},
  year         = {2002},
  url          = {https://doi.org/10.1145/544741.544770},
  doi          = {10.1145/544741.544770},
  timestamp    = {Sun, 19 Jan 2025 00:00:00 +0100},
  biburl       = {https://dblp.org/rec/conf/atal/YokooS02.bib},
  bibsource    = {dblp computer science bibliography, https://dblp.org}
}

